3731 6032
709 1383 791 1434 H·
832 1386 1054 1439 exhibita

705 1452 1010 1515 exceptionis.

700 1680 936 1744 Drayton

705 1746 900 1809 replico.

705 1809 946 1871 Sm-ivain,
983 1817 1038 1862 at

705 1874 896 1939 length,
951 1878 1101 1927 sends

700 1940 757 1989 in
795 1940 876 1990 his
919 1957 1098 2009 prayer

701 2005 758 2054 in
780 2006 996 2070 writing.

701 2286 784 2337 He
804 2287 848 2337 is
869 2289 1000 2338 cited
1021 2308 1036 2348 ;

699 2356 756 2400 to
786 2352 917 2403 closo
947 2355 1037 2403 the

698 2432 813 2465 case
833 2423 889 2466 at
910 2418 1067 2479 Dray-

703 2481 836 2531 ton's
861 2482 1095 2535 instance.

698 3449 927 3514 Drayton

691 3530 911 3578 ⁸PP0⁸¹⁸=

695 3643 918 3695 Scrinia
941 3645 993 3694 in

693 3709 906 3768 deiault,

688 4377 775 4427 fol.
804 4377 882 4427 48.

687 4708 793 4758 and
803 4711 989 4786 ‚contu-

689 4789 925 4824 macious.

2108 1009 2185 1068 62

1136 1170 1502 1231 curatorem
1571 1164 1953 1243 exadvers0,
2011 1186 2144 1231 non
2197 1171 2679 1252 comparentem
2732 1168 3145 1253 terminoque

1135 1276 1480 1355 prenotato
1553 1270 1822 1334 minime
1882 1269 2427 1347 satisfacientem,
2496 1271 2717 1336 debite
2763 1276 2987 1335 tamen
3034 1294 3139 1335 ex-

1132 1378 1487 1459 pectatum,
1545 1374 2019 1459 reputavimuS,
2082 1380 2279 1458 prout
2338 1380 2482 1438 erat
2543 1375 2813 1460 exigens
2862 1376 3144 1450 iusticia,

1131 1478 1367 1542 merito
1396 1482 1869 1542 contumacem.
1960 1476 2237 1552 Deinde,
2260 1476 2599 1541 nonnullis
2630 1479 3143 1563 excepcionibus,

1132 1580 1272 1645 loco
1302 1580 1812 1645 declaracionum
1844 1602 1962 1665 per
2002 1580 2391 1665 Magistrum
2428 1580 2791 1645 Iohannem
2818 1581 3142 1657 Scrivain,

1130 1683 1620 1750 Procuratorem
1672 1683 2151 1769 supradictum,
2213 1682 2523 1748 exhibitis
2576 1690 2775 1765 atque
2828 1684 3019 1761 datis,
3072 1692 3142 1750 et

1130 1808 1244 1870 per
1331 1786 1580 1853 dictum
1663 1786 2082 1862 Richardum,
2189 1786 2702 1863 Procuratorem,
2804 1788 3143 1852 nonnullis

1127 1889 1666 1975 replicacionibus
1767 1896 1998 1954 contra
2108 1881 2329 1954 dictas'
2422 1891 2857 1975 excepciones,
2959 1890 3141 1955 facto

1127 1992 1440 2058 exhibitis
1502 1998 1570 2058 et
1651 1992 2344 2078 productis—tandem
2421 1992 2737 2077 Magister
2812 1992 3139 2061 Iohannes

1129 2096 1446 2171 Scrivain,
1523 2094 1910 2161 Procurator
2004 2096 2441 2177 supradictam,
2530 2094 2860 2179 quandam
2936 2098 3139 2179 petic-

1126 2200 1342 2263 ionem
1399 2200 1825 2264 summariam
1911 2198 2093 2264 facto
2181 2204 2249 2263 et
2349 2199 2418 2261 in
2512 2200 2775 2284 scriptis
2838 2200 3139 2265 exhibuit

1125 2306 1326 2387 atque
1428 2302 1626 2367 dedit.
1765 2300 1915 2381 Qua
2032 2303 2359 2387 peticione
2477 2304 2849 2379 summaria,
2964 2305 3139 2369 sicut

1125 2406 1550 2490 permittitur,
1625 2404 1923 2469 exhibita
2002 2411 2200 2490 atque
2299 2404 2639 2491 producta,
2730 2406 2889 2483 Nos,
2954 2410 3137 2483 tunc,

1124 2509 1212 2573 ad
1320 2509 1595 2595 predicti
1714 2508 2014 2595 Magistri
2106 2508 2371 2573 Ricardi
2481 2507 2931 2574 Procuratoris
3034 2511 3137 2574 in-

1123 2613 1460 2691 stanciam,
1521 2613 1918 2698 Magistrum
1988 2611 2350 2677 Iohannem
2415 2612 2717 2677 Scrivain
2775 2611 3137 2679 exadverso

1123 2715 1616 2781 Procuratorem
1724 2715 2111 2801 predictum,
2224 2715 2309 2779 ad
2425 2715 2948 2780 concludendum
3064 2722 3134 2781 et

1122 2819 1421 2885 concludi
1504 2817 1860 2906 videndum
1954 2818 2061 2882 vel
2150 2818 2611 2894 addicendum,
2714 2829 2782 2882 et
2868 2840 3131 2883 causam

1121 2922 1583 2988 racionabilem
1661 2922 2100 3007 allegandum,
2189 2922 2445 3007 siquam
2540 2922 2836 2998 haberet,
2926 2944 3131 3007 quare

1119 3027 1192 3091 in
1263 3027 1638 3091 huiusmodi
1727 3047 1925 3091 causa
2016 3026 2317 3091 concludi
2408 3046 2541 3089 non
2636 3024 2933 3102 debebat,
3014 3037 3135 3112 per

1120 3150 1325 3193 unum
1373 3129 1453 3193 de
1499 3129 1657 3194 dicti
1703 3129 1951 3193 domini
2009 3129 2217 3193 nostri
2270 3128 2451 3214 Pape
2497 3128 2885 3192 Cursoribus
2939 3129 3132 3194 citari

1119 3232 1577 3297 mandavimus
1651 3236 1718 3296 et
1775 3231 2069 3307 fecimus,
2129 3231 2217 3295 ad
2276 3237 2537 3296 certum
2613 3233 3129 3316 peremptorium

1121 3335 1492 3411 terminum,
1549 3357 1745 3420 quem
1804 3340 1873 3400 et
1946 3335 2270 3420 Magistro
2331 3334 2634 3410 Ricardo,
2696 3334 3135 3413 Procuratori,

1120 3441 1367 3523 petenti
1425 3440 1794 3514 statuimuS,
1851 3443 2027 3512 tunc,
2083 3438 2167 3501 ad
2227 3437 2421 3501 idem.
2513 3438 2594 3501 In
2669 3459 2799 3522 quo
2858 3437 3127 3522 quidem

1117 3543 1414 3617 termino,
1459 3546 1871 3624 comparente
1918 3562 2132 3606 coram
2187 3541 2376 3604 nobis
2435 3541 2752 3626 Magistro
2800 3541 3127 3606 Richardo

1117 3645 1429 3730 Drayton,
1489 3644 1913 3709 Procuratore
1974 3644 2285 3728 predicte,
2335 3644 2783 3729 procuratorio
2844 3645 3135 3726 nomine,

1115 3769 1244 3834 quo
1302 3769 1515 3833 supra,
1563 3753 1631 3812 et
1689 3745 1997 3829 prelibati
2060 3748 2365 3832 Magistri
2420 3747 2736 3810 Iohannis
2799 3748 3126 3822 Scrivain,

1115 3841 1575 3927 ProcuratoriS,
1651 3872 1783 3916 non
1871 3853 2328 3935 comparentiS,
2401 3872 2520 3914 nec
2594 3851 2664 3914 in
2746 3851 3125 3915 huiusmodi

1113 3977 1308 4021 causa
1365 3954 1745 4020 concludere
1802 3959 1922 4018 aut
1990 3953 2290 4018 concludi
2350 3953 2573 4017 videre
2624 3955 2913 4019 curantis
2972 3976 3126 4018 con-

1115 4045 1462 4123 tumaciam
1555 4064 1918 4132 accusante,
1979 4059 2325 4141 ipsumque
2404 4079 2523 4142 per
2603 4079 2723 4120 nos
2828 4058 3123 4140 reputari

1114 4169 1378 4246 petente
1409 4171 1873 4236 contumacem,
1903 4165 1971 4224 et
2002 4161 2070 4223 in
2102 4161 2242 4223 eius
2273 4159 2748 4224 contumaciam
2779 4160 2852 4223 in
2895 4159 3126 4224 huius-

1117 4265 1292 4329 modi
1323 4287 1519 4329 causa
1562 4263 1879 4338 concludi,
1910 4277 1976 4327 et
2022 4285 2139 4348 pro
2188 4263 2489 4329 concluso
2542 4261 2768 4327 haberi
2820 4283 2936 4348 per
2989 4284 3106 4328 nos

1117 4391 1262 4435 cum
1322 4369 1643 4433 instancia
1701 4365 2095 4451 postulante,
2148 4372 2215 4431 et
2267 4371 2591 4450 quantum
2648 4367 2722 4430 in
2781 4366 2923 4452 ipso
2982 4371 3170 4432 erat·

1115 4473 1497 4539 concludere
1569 4472 1640 4535 in
1713 4470 1979 4549 eadem3
2066 4491 2182 4535 nos
2276 4469 2645 4556 predictum
2722 4469 3123 4554 Magistrum

1113 4576 1492 4651 Iohannem,
1524 4575 2037 4649 Procuratorem,
2068 4593 2199 4638 non
2227 4585 2709 4655 comparentem
2740 4593 2859 4636 nec
2894 4573 3119 4636 huius-

1115 4681 1292 4746 modi
1387 4681 1670 4744 termino·
1760 4675 2296 4752 satisfacientem,
2391 4681 2771 4762 reputantes
2860 4676 3115 4754 merito,

1115 4785 1417 4869 exigente
1510 4783 1788 4858 iusticia,
1884 4784 2355 4856 contumacem,
2441 4781 2512 4843 in
2619 4781 2830 4864 ipsius
2891 4785 3124 4844 contu-

1113 4889 1406 4964 maciam,
1457 4907 1737 4951 unacum
1782 4885 1959 4951 dicto
2025 4882 2342 4969 Magistro
2404 4882 2749 4960 Richardo,
2806 4881 3124 4948 Procura-
