3731 6032
1941 941 2132 1001 lxviii.

1043 1105 1364 1166 medietate
1418 1105 1600 1164 unius
1655 1106 1889 1182 virgate
1944 1112 2101 1165 terre
2168 1107 2234 1166 in
2296 1107 2733 1185 'Drymerstone
2802 1113 2866 1166 et

1047 1203 1550 1282 Wynchecumba‚
1582 1211 1647 1263 et
1681 1203 1758 1262 de
1785 1222 1908 1262 uno
1934 1205 2255 1282 mesuagio,
2286 1225 2410 1264 una
2436 1207 2672 1282 virgata
2712 1213 2868 1263 terre

1040 1309 1105 1361 et
1131 1303 1314 1360 tertia
1339 1307 1511 1378 parte
1553 1301 1734 1360 unius
1775 1303 2066 1379 mesuagii
2107 1310 2172 1362 et
2212 1305 2395 1362 unius
2434 1304 2668 1379 virgate
2709 1309 2867 1361 terre

1047 1418 1188 1460 cum
1213 1399 1596 1476 pertinenciis
1623 1399 1686 1456 in
1705 1399 2020 1470 Mer-stone,
2043 1418 2161 1476 que
2177 1399 2378 1478 Agnes
2396 1400 2472 1459 de
2494 1399 2866 1477 Campedene

1040 1497 1344 1574 quondam
1374 1497 1574 1555 tenuit
1601 1497 1662 1554 in
1692 1496 1834 1555 dote
2504 1532 2525 1541 -

881 1594 1213 1655 Edwardus
1255 1595 1398 1666 Rex,
1437 1593 1516 1652 ad
1555 1595 1944 1654 inveniendos
1982 1595 2135 1655 duos
2175 1614 2372 1656 cereos
2408 1614 2603 1654 coram
2648 1595 2869 1672 Magno

1055 1693 1259 1753 Altare
1468 1725 1489 1734 -
1812 1727 1833 1736 -

877 1791 1151 1851 Licencia
1201 1790 1380 1866 Regis
1433 1788 1765 1848 batallandi
1821 1797 1887 1849 et
1941 1790 2315 1850 kernellandi
2368 1790 2734 1850 Abbathiam
2788 1789 2865 1848 de

1037 1887 1528 1966 Wyncheeumba
2494 1921 2517 1931 -

873 1986 1048 2060 Quod
1103 1987 1306 2052 Abbas
1354 1993 1419 2046 et
1465 1985 1742 2046 Monachi
1795 1985 1873 2045 de
1928 1984 2417 2064 Wynehecumba
2469 1995 2535 2046 et
2593 1985 2863 2046 homines

1038 2102 1245 2142 eorum
1285 2083 1456 2143 liberi
1497 2085 1622 2142 sint
1661 2083 1736 2142 de
1776 2083 2044 2142 thelonio
2150 2115 2171 2127 —
2494 2117 2515 2126 -

872 2181 1144 2240 Licencia
1171 2181 1397 2239 domini
1425 2180 1606 2256 Regis
1634 2181 1708 2239 de
1736 2186 1912 2257 prato
1938 2180 2013 2238 de
2041 2180 2396 2258 Todyntone
2496 2215 2517 2226 ·

871 2278 1261 2338 Confirmacio
1300 2278 1524 2337 domini
1565 2277 1841 2336 Edwardi
1872 2278 2053 2356 Regis
2092 2280 2167 2337 de
2208 2288 2371 2338 terra
2410 2285 2474 2338 et
2514 2287 2861 2339 tenemento

1033 2376 1280 2435 Roberti
1310 2375 1550 2434 Iordani
1577 2376 1653 2434 de
1683 2375 2113 2454 Drymerstone
2149 2410 2171 2420 -
2494 2411 2515 2420 -

866 2473 1257 2534 Confirmacio
1286 2474 1466 2550 Regis
1494 2491 1676 2551 super
1705 2481 1875 2534 carta
1903 2473 2186 2534 Iohannis
2213 2474 2288 2534 de
2316 2473 2634 2535 Wenriehe

865 2571 1255 2630 Confirmacio
1284 2571 1464 2647 Regis
1493 2571 1734 2630 Ricardi
1764 2571 2023 2631 Secundi
2051 2571 2377 2650 impetrata
2392 2591 2500 2650 per
2519 2572 2855 2631 Walter-um

1027 2670 1104 2729 de
1132 2668 1527 2746 Wynfertone
1563 2669 1862 2728 Abbatem
2495 2704 2511 2712 -

867 2766 1193 2826 Edwardus
1223 2767 1348 2826 Rex
1375 2783 1484 2843 pro
1511 2766 1712 2825 Scotia
1786 2803 1807 2812 -
2141 2801 2163 2811 -

863 2865 1046 2925 Carta
1060 2864 1352 2941 generalis
1371 2863 1600 2923 domini
1620 2864 1864 2924 Hem-ici
1888 2866 2067 2944 Regis
2088 2867 2251 2926 facta
2268 2884 2376 2944 per
2390 2867 2855 2945 parliamentum

1024 2981 1132 3041 pro
1159 2961 1438 3022 Ecclesiis
1465 2961 1682 3039 Anglie
1795 2995 1817 3006 —
2490 2999 2511 3008 -

863 3061 1047 3120 Carta
1072 3061 1298 3119 domini
1328 3060 1508 3137 Regis
1535 3060 1610 3119 de
1638 3060 2022 3120 libertatibus
2050 3061 2266 3138 Anglie

862 3158 1141 3236 Sigillum
1168 3155 1454 3215 Willelmi
1483 3155 1734 3215 Comitis
1756 3156 2165 3217 Gloueestrie-

861 3256 1087 3315 Contra
1112 3256 1366 3313 iniustos
1393 3254 1734 3314 detinentes
1761 3258 2171 3332 possessiones.
2260 3255 2545 3315 Urbanus

859 3353 1177 3429 Delegacio
1203 3352 1278 3410 dc
1315 3351 1656 3428 pulsacione
1699 3370 2119 3430 campanarum
2152 3352 2413 3413 Ecclesie
2440 3354 2658 3413 Sancte
2686 3353 2851 3412 Petri

862 3452 1289 3528 Appropriaeio
1317 3450 1550 3508 Vioarie
1567 3448 2055 3527 Wynchecumbe

861 3548 1175 3607 Relaxacio
1193 3546 1478 3605 Iohannis
1494 3546 1569 3605 de
1587 3547 1846 3625 Sudleye
1863 3547 1939 3607 de
1956 3566 2275 3608 communa
2294 3550 2356 3607 in
2388 3547 2850 3619 Bertheworthe,

1023 3644 1426 3722 Thaehesleye
1453 3651 1518 3703 et
1544 3643 1630 3703 les
1661 3644 1853 3722 Bayes
2138 3680 2157 3691 -

861 3743 1042 3802 Carta
1084 3741 1388 3819 Radulphi
1429 3741 1505 3800 de
1533 3742 1792 3819 Sudleye
1832 3761 1943 3819 pro
1970 3744 2242 3819 quareria
2286 3743 2363 3802 de
2410 3742 2743 3820 Londeleye
2784 3750 2867 3802 et

1023 3840 1415 3899 Oinhtestane
1442 3846 1507 3898 et
1546 3858 1656 3916 pro
1694 3840 1882 3899 libero
1923 3840 2136 3900 itinere
2175 3840 2451 3901 habendo
2477 3846 2646 3900 extra
2671 3839 2850 3898 blada

1022 3945 1088 3997 et
1112 3944 1286 4015 prata
1449 3972 1470 3981 -
1796 3970 1818 3980 -

861 4038 1042 4096 Carta
1068 4035 1293 4094 domini
1325 4034 1611 4094 Iohannis
1638 4034 1714 4094 de
1742 4035 2002 4113 Sudleye
2037 4036 2113 4097 de
2142 4036 2320 4096 Oetes

859 4136 1078 4208 Quieta
1105 4132 1432 4192 elamancia
1457 4133 1684 4191 domini
1713 4132 1999 4192 Iohannis
2025 4133 2102 4193 de
2138 4134 2399 4212 Sudleye
2438 4134 2514 4194 de
2554 4133 2846 4193 fidelitate

1018 4238 1364 4290 remanente
1446 4264 1467 4273 -
1793 4264 1814 4273 -
2141 4267 2163 4277 -

857 4330 1212 4407 Radulphus
1275 4329 1351 4387 de
1405 4328 1649 4388 Sudleia
1717 4348 1825 4408 pro
1892 4328 2167 4407 quareria
2233 4330 2309 4389 de
2379 4329 2713 4406 Londeleye
2781 4338 2846 4387 et

1017 4428 1461 4506 Kyntestone-
2130 4460 2153 4471 -
2476 4464 2497 4473 -

851 4526 1035 4587 Carta
1063 4526 1311 4584 Roberti
1343 4524 1699 4585 Russeldina
1795 4560 1806 4571 ·
2496 4576 2511 4591 ,

853 4624 1166 4685 Concessio
1191 4624 1419 4683 domini
1444 4622 1520 4682 de
1550 4622 1846 4700 Sudeleye
1875 4622 1951 4681 de
1977 4621 2381 4701 Thachesleye
2421 4634 2485 4683 et
2526 4624 2658 4682 aliis
2700 4624 2844 4684 locis

853 4723 1070 4796 Quieta
1097 4721 1423 4781 clemencia
1450 4720 1677 4779 domini
1707 4720 1991 4779 Iohannis
2029 4719 2106 4780 de
2134 4720 2394 4799 Sudleye
2421 4721 2497 4780 de
2524 4722 2602 4780 iii.
2636 4721 2839 4781 solidis

1013 4820 1198 4878 annui
1227 4818 1500 4878 redditus
1525 4818 1602 4877 de
1628 4817 1806 4876 domo
1833 4816 2119 4877 Adelatdi

2846 1530 2869 1540 -
2948 1495 3090 1554 lxvi.

2844 1726 2865 1735 -
2946 1692 3111 1750 lxvii.

2841 1921 2862 1930 -
2943 1886 3127 1945 lxviii.

2848 2119 2857 2126 -
2940 2082 3075 2141 lxix.

2840 2214 2863 2223 -
2944 2181 3061 2239 lxx.

2839 2411 2860 2420 -
2942 2376 3079 2435 lxxi.

2838 2509 2857 2518 -
2938 2474 3097 2533 lxxii.

2839 2705 2855 2714 -
2938 2669 3139 2728 lxxiii.⁴

2832 2801 2855 2812 -
2936 2767 3113 2826 lxxiv.

2838 2997 2857 3006 -
2939 2963 3093 3023 lxxv.

2832 3096 2851 3106 ·
2935 3061 3113 3121 lxxvi.

2835 3193 2855 3202 -
2936 3158 3137 3217 lxxvii.

2830 3290 2848 3299 -
2931 3256 3155 3315 lxxviii.

2932 3353 3111 3412 lxxix.

2832 3484 2852 3494 -
2932 3450 3086 3509 lxxx.

2931 3645 3106 3705 lxxxi.

2833 3970 2851 3980 -
2934 3938 3133 3996 lxxxii.

2826 4070 2847 4080 -
2930 4035 3148 4095 lxxxiii.

2830 4262 2851 4271 -
2933 4230 3147 4290 lxxxiv.
3214 4262 3223 4271 ·

2822 4458 2842 4468 -
2925 4425 3120 4485 lxxxv.

2822 4556 2841 4565 -
2928 4525 3141 4584 lxxxvi.

2926 4624 3165 4684 lxxxvii.

2814 4854 2835 4863 -
2904 4819 3165 4877 lxxxviii.
