3731 6032
2099 997 2228 1061 210

1148 1159 1327 1246 apud
1400 1158 1709 1235 Coumbe,
1768 1157 1966 1223 Nono
2025 1156 2132 1222 die
2191 1159 2434 1223 mensis
2489 1156 2694 1238 Iunii,
2749 1180 2924 1225 anno
2971 1160 3157 1244 regni

1152 1262 1347 1349 Regis
1374 1261 1683 1328 Edwardi
1714 1259 2187 1327 terciodecimo.

726 1516 905 1567 CLIX.
1354 1490 1691 1558 Remiseio
1736 1488 2015 1556 Roberti
2060 1490 2142 1556 de
2189 1488 2503 1559 Trillawe
2545 1490 2627 1557 de
2669 1498 2948 1557 assarta.

728 1652 790 1698 13
814 1650 1027 1699 Edward
1054 1650 1123 1702 11.
1242 1622 1479 1689 Pateat
1520 1624 1849 1689 universis
1895 1645 2013 1709 per
2063 1629 2416 1709 presentoe,
2445 1622 2620 1708 quod
2667 1643 2804 1708 eg0‚
2837 1620 3161 1687 Robertus

722 1715 1129 1831 ffissJffffi:
1156 1726 1238 1791 de
1268 1726 1598 1806 Trillawe‚
1641 1728 1861 1793 remisi
1921 1732 1990 1791 et
2037 1727 2304 1792 omnino
2355 1728 2654 1812 quietum
2703 1725 3001 1801 clamavi,
3043 1745 3161 1810 pro

726 1845 865 1904 love,
888 1846 1067 1895 remita
1099 1864 1129 1895 a
1159 1852 1261 1895 me
1304 1836 1373 1895 et
1430 1829 1782 1896 heredibus
1840 1832 2026 1907 meis,
2073 1831 2340 1896 domino
2400 1830 2652 1895 Abbati
2701 1829 2782 1893 de
2833 1826 3160 1913 Wynche·

722 1910 827 2023 ἐξ
865 1911 1127 2026 θοιζξῗζᾈηιξ
1152 1934 1389 1999 cumba
1462 1940 1531 1999 et
1604 1935 1899 1999 eiusdem
1973 1935 2098 1999 loci
2175 1934 2570 2011 Conventui,
2627 1940 2844 1998 totum
2917 1934 3022 1998 ius
3094 1941 3160 1997 et

724 2040 849 2088 with
891 2040 995 2118 ‚like
1050 2016 1125 2091 res
1148 2037 1489 2114 clameum,
1518 2037 1695 2124 quod
1724 2038 1927 2104 habui
1962 2038 2066 2102 vel
2097 2037 2322 2121 aliquo
2367 2036 2560 2102 modo
2589 2036 2828 2102 habere
2857 2037 3062 2122 potui,
3089 2036 3162 2100 in

722 2110 988 2155 servatum.
1148 2162 1497 2206 communa
1526 2145 1795 2227 pasture
1846 2144 1914 2205 in
1949 2140 2254 2206 omnibus
2307 2142 2503 2205 terris
2556 2139 2849 2204 eiusdem
2880 2139 3158 2204 Abbatis

1148 2244 1219 2309 in
1250 2245 1543 2310 manerio
1572 2266 1693 2310 suo
1722 2244 1805 2309 de
1838 2246 2134 2309 Enestan
2180 2245 2558 2323 assartatis3
2603 2256 2669 2308 et
2713 2244 2785 2307 in
2813 2243 3160 2326 sexaginta

1146 2348 1314 2412 acris
1372 2347 1703 2433 regalibus
1761 2348 2008 2412 ibidem
2069 2348 2496 2435 imposterum
2547 2346 2964 2412 assartandis.
3071 2345 3160 2409 Et

1148 2450 1364 2528 liceat,
1394 2452 1680 2538 insuper,
1710 2452 1890 2517 dicto
1920 2452 2188 2517 domino
2219 2452 2471 2517 Abbati
2517 2460 2587 2518 ot.
2621 2450 2988 2515 Conventui
3019 2471 3159 2537 pre-

1146 2553 1395 2619 dictum
1426 2561 1751 2619 assartum
1784 2576 1990 2641 parvo
2008 2554 2258 2621 fossato
2279 2561 2347 2619 et
2373 2556 2561 2619 bassa
2585 2554 2786 2640 haya,
2805 2554 3162 2619 secundum

1145 2657 1417 2721 assisam
1480 2659 1735 2733 assat-ti,
1789 2658 1975 2723 illam
2034 2666 2287 2723 terram
2347 2658 2702 2731 includere,
2754 2664 2823 2723 et
2873 2659 2946 2722 in
2991 2657 3159 2743 agri·

717 2774 782 2821 fo.
814 2774 923 2821 194.
1146 2760 1477 2825 culturam
1507 2761 1821 2847 redigere,
1850 2762 1992 2827 sine
2022 2762 2497 2848 impedimento
2520 2763 2627 2826 vel
2657 2762 3161 2848 perturbacione

1144 2884 1292 2928 mea
1322 2864 1428 2929 vel
1470 2864 1749 2930 alicuius
1794 2866 2067 2931 alterius
2097 2867 2364 2931 nomine
2395 2864 2834 2931 meo—salvis
2881 2866 3047 2930 mihi
3091 2872 3160 2930 et

1144 2966 1521 3032 hominibus
1552 2968 1713 3034 meis
1746 2970 1950 3036 libero
1983 2992 2248 3055 egressu
2279 2978 2346 3035 et
2387 2971 2709 3056 ingressu,
2741 2968 3159 3053 sufficienter,

1148 3071 1235 3135 ad
1264 3072 1543 3157 predicti
1574 3073 1824 3138 domini
1871 3074 2154 3139 Abbatis
2201 3073 2466 3140 boscum
2511 3079 2580 3138 et
2626 3079 2885 3138 vastum
2915 3073 3159 3138 ibidem

721 3239 770 3288 A
834 3238 971 3288 savin
1110 3195 1290 3288 fnon
1348 3181 1797 3256 assartatum3
1869 3184 1955 3253 et,
2014 3177 2215 3242 eciam
2274 3198 2622 3242 commune.
2678 3182 2943 3264 pasture
3001 3176 3162 3243 dicti

724 3305 934 3368 ingrana,
952 3254 1059 3362 ἔα,
1077 3257 1132 3353 2,
1157 3278 1395 3342 assat-ti
1468 3285 1763 3366 tempore
1828 3287 2059 3364 aperto
2117 3287 2267 3367 post
2342 3287 2678 3346 vesturam
2741 3285 3162 3366 asportatam,

725 3369 896 3418 ΨΜ·
1158 3380 1363 3446 donec
1414 3381 1576 3447 alias
1620 3384 2187 3461 seminetur—ita,
2245 3383 2573 3463 videlicet,
2622 3383 2800 3470 quod
2855 3405 2976 3450 nec
3027 3404 3165 3467 ego,

1157 3483 1375 3548 dictus
1404 3483 1749 3564 Robertus,
1778 3508 1900 3552 nec
1927 3487 2166 3572 aliquis
2195 3487 2540 3553 hominum
2569 3509 2866 3553 meorum
2895 3486 3166 3571 aliquod

1155 3588 1259 3651 ius
1277 3586 1383 3652 vel
1409 3586 1729 3653 clameum
1748 3588 2236 3674 [inJcommuna
2257 3602 2524 3676 pasture
2541 3592 2614 3655 in
2634 3589 2948 3677 predictis
2971 3591 3164 3656 terris

1156 3691 1510 3767 assartatiS,
1556 3697 1641 3768 et,
1686 3693 1911 3770 eciam,
1955 3693 2026 3758 in
2069 3695 2420 3780 sexaginta
2461 3695 2627 3759 acris
2667 3693 3013 3780 regalibus,
3045 3694 3168 3758 im-

1156 3804 1509 3880 posterum,
1542 3796 1963 3870 assartandis,
1993 3798 2122 3862 nisi
2151 3799 2221 3860 in
2251 3797 2467 3862 forma.
2495 3797 2802 3882 predicta,
2831 3796 2914 3862 de
2953 3802 3167 3863 cetero

1158 3898 1413 3984 exigere
1458 3900 1566 3963 vel
1613 3900 1964 3966 vendicare
2008 3902 2386 3987 poterimus
2511 3901 2597 3966 In
2639 3900 2827 3966 cuius
2855 3900 2951 3966 rei
2981 3902 3168 3967 testi-

1158 4001 1449 4066 monium
1526 4002 1814 4088 sigillum
1874 4025 2094 4069 meum
2153 4004 2572 4091 presentibus
2631 4010 2734 4070 est
2789 4026 3169 4091 appensum.

1158 4103 1427 4169 Datum·
1470 4105 1650 4191 apud
1728 4107 2158 4193 Wyvelicote,
2201 4109 2455 4174 decimo
2506 4109 2613 4173 die
2665 4111 2906 4174 mensis
2963 4107 3008 4174 J
3013 4109 3170 4182 unii,

1156 4229 1332 4274 anno
1361 4211 1549 4294 regni
1582 4209 1785 4297 Regis
1818 4211 2148 4291 Edwardi,
2193 4211 2316 4276 filii
2360 4212 2532 4298 regis
2570 4211 2899 4282 Edwardi.
2942 4212 3171 4278 tercio-

1160 4311 1428 4377 decimo.

734 4566 881 4616 CLX.
1380 4539 1719 4607 Remissio
1750 4540 2050 4606 Ricardi
2081 4540 2160 4607 de
2193 4539 2559 4607 Gornwelle
2581 4540 2663 4606 de
2689 4547 2955 4606 assam-to

1937 4642 2314 4730 [mesuayio
2336 4645 2412 4729 ?].

732 4801 826 4850 Ab.
866 4803 1004 4852 1315.
1024 4801 1039 4832 ι
1254 4769 1491 4837 Pateat
1548 4773 1876 4838 universis
1950 4794 2066 4860 per
2139 4777 2492 4858 presentes,
2563 4773 2742 4858 quod
2813 4794 2962 4840 cum
3037 4795 3176 4861 ego,

728 4867 945 4916 Richffll
983 4869 1047 4916 ‘¹⁰
1168 4873 1491 4941 Ricardus
1550 4875 1631 4940 de
1692 4875 2121 4956 Cornewelle,
2187 4877 2498 4942 clamium
2571 4876 3020 4962 apposuissem
3091 4877 3178 4942 ad
