3731 6032
1472 976 1595 1041 101

521 1137 770 1224 gesimo
798 1159 974 1205 nono
999 1162 1015 1219 ;
1058 1142 1127 1204 et
1158 1136 1678 1205 Consecrationis
1706 1158 1882 1203 anno
1904 1142 2142 1225 quarto
2160 1136 2373 1205 ”——Et
2401 1158 2539 1217 noe,

524 1239 715 1307 Prior
787 1248 857 1308 et
930 1242 1311 1329 Capitulum
1386 1240 1672 1309 Ecclesie
1745 1240 2160 1308 Oathedralis
2232 1242 2541 1327 predicte,

525 1346 947 1426 concessioni,
1004 1345 1255 1423 unioni,
1314 1345 1673 1411 annexioni
1730 1348 1801 1411 et
1864 1345 2404 1432 appropriationi,
2461 1349 2542 1411 ut
2571 1379 2862 1431 Confirmed
2899 1378 2967 1445 by

524 1450 957 1536 premittitur,
1015 1449 1231 1526 factis,
1290 1453 1547 1516 nostros
1620 1448 2004 1534 prebuimus
2065 1454 2135 1517 et
2192 1449 2542 1536 prebemus
2567 1444 2862 1561 ssgmgssg
2914 1444 2972 1495 0¹

525 1573 912 1620 consensum
973 1554 1223 1641 pariter
1282 1556 1352 1618 et
1408 1574 1768 1630 assensum,
1818 1573 2062 1639 easque
2103 1553 2540 1631 notificamus,
2853 1545 2865 1558 ’

460 1676 467 1681 ·
524 1657 983 1743 approbamuS,
1012 1660 1083 1723 et
1111 1660 1439 1743 quatenus
1468 1656 1557 1722 ad
1599 1676 1720 1721 nos
1749 1656 2014 1733 attinet,
2043 1656 2544 1736 confirmamus3

524 1760 684 1835 iure,
713 1760 1206 1837 consuetudine,
1236 1759 1589 1846 dignitate,
1617 1766 1688 1827 et
1708 1759 1958 1826 honore
1982 1759 2268 1826 Ecclesie
2295 1760 2361 1824 N
2367 1763 2542 1826 ostre

528 1862 943 1931 Cathedralis
995 1863 1473 1951 Wigorniensis
1524 1864 1596 1929 in
1649 1863 1955 1929 omnibus
2011 1885 2270 1951 semper
2319 1864 2543 1932 salvis·

527 1967 612 2032 In
657 1990 939 2054 quorum
992 1967 1289 2033 omnium
1349 1967 1548 2033 fidem
1610 1971 1680 2033 et
1737 1967 2194 2033 testimonium
2247 1968 2542 2053 sigillum

526 2077 825 2137 nostrum
856 2091 1201 2137 commune
1230 2070 1512 2137 fecimus
1540 2071 1801 2157 apponi.
1880 2070 2132 2136 Datum
2162 2072 2380 2157 quoad
2409 2094 2546 2149 nos,

526 2174 817 2241 Priorem
846 2180 917 2241 et
962 2174 1368 2261 Capitulum,
1412 2174 1486 2239 in
1516 2174 1728 2241 Domo
1772 2180 2003 2241 nostra
2035 2174 2407 2260 Capitulari
2437 2175 2544 2241 die

529 2283 597 2345 et
624 2299 801 2345 anno
829 2276 1274 2362 supradictis.”

978 2465 1415 2552 Sabeon-ipae
1463 2464 1535 2531 N
1529 2466 1747 2533 otarii
1784 2467 2107 2553 predicti.

616 2594 649 2620 “
670 2587 759 2651 Et
781 2608 920 2673 ego,
930 2586 1302 2651 Willelmus
1326 2586 1407 2651 de
1428 2586 2159 2665 Chabbenore,clericus
2183 2570 2542 2653 Hereford·
2572 2608 2925 2673 Subscription

528 2690 727 2755 iensis
774 2689 1139 2767 Dioceseos,
1186 2688 1499 2756 Publicus
1530 2690 1915 2772 Apostolica
1945 2690 2361 2757 Auctoritate
2409 2690 2545 2755 No·
2571 2673 2885 2788 ssiffiffle

529 2794 757 2871 tariuS,
804 2793 978 2860 dicte
1037 2793 1383 2879 peticionis
1436 2815 1550 2859 seu
1602 2793 2104 2880 supplicationis
2133 2795 2547 2881 porrectioni,
2573 2803 2916 2854 Chabbenore-

530 2896 963 2983 inquisitioni,
1022 2904 1223 2980 atque
1281 2918 1627 2962 causarum
1702 2901 2162 2963 contentarum
2223 2897 2296 2962 in
2369 2898 2548 2965 dicta
2571 2918 2640 2968 fo.
2669 2921 2746 2970 84.

529 3002 855 3088 peticione
913 2999 1052 3066 siv'e
1105 2999 1587 3087 supplicatione
1625 3000 2091 3087 approbationi
2147 3004 2550 3089 testiumque

494 3139 511 3154 κ
530 3105 886 3170 iuramenti
931 3105 1323 3190 prestationi
1370 3109 1439 3170 et
1497 3105 2016 3180 examinationi3
2068 3127 2343 3182 necnon,
2373 3106 2551 3172 inter

531 3207 995 3274 Reverendum
1038 3206 1321 3284 Patrem,
1363 3206 1760 3294 Episcopum
1802 3209 2278 3295 supradictum,
2309 3214 2378 3275 et
2421 3209 2549 3275 Re-

530 3312 796 3398 ligiosos
841 3310 1050 3385 Viros,
1095 3311 1442 3376 dominum
1473 3310 1863 3390 Walterum,
1902 3312 2212 3391 Priorem,
2243 3317 2312 3378 et
2358 3312 2556 3400 Capi·

532 3415 747 3480 tulum
798 3415 975 3480 dicte
1022 3414 1311 3480 Ecclesie
1357 3413 1773 3481 Cathedralis
1804 3415 2311 3502 Wygorniensis
2355 3439 2555 3504 super

530 3519 743 3586 causis
772 3517 1105 3605 premissis
1142 3518 1447 3584 omnibus
1494 3521 1563 3582 et
1606 3518 1889 3605 singulis
1918 3521 1991 3584 in
2020 3520 2199 3586 dicta
2227 3521 2553 3606 peticione

530 3623 672 3688 sive
702 3622 1182 3708 supplicatione
1214 3621 1567 3702 contentis,
1590 3621 1918 3709 solempni
1942 3625 2264 3690 tractatui
2292 3646 2369 3691 ac
2400 3645 2552 3690 con-

534 3727 828 3802 cessioni,
883 3725 1263 3802 annexioni,
1348 3725 1872 3811 appropriationi
1944 3730 2013 3792 et
2071 3728 2304 3793 unioni
2378 3728 2555 3795 dicte

534 3827 820 3895 Ecclesie
845 3828 926 3892 de
950 3828 1333 3913 Twenynge
1363 3827 1667 3914 prefatiS,
1692 3828 1945 3894 Abbati
1974 3834 2043 3895 et
2075 3829 2454 3898 Conventui
2485 3836 2554 3897 et

534 3955 756 3999 eorum
783 3932 1187 3998 Monasterio
1212 3931 1293 3997 de
1311 3931 1846 4018 Wynchecombe
1872 3934 2229 4012 antediem,
2247 3956 2363 4022 per
2393 3957 2554 4000 eun-

531 4037 679 4102 dem
713 4035 1171 4101 Reverendum
1205 4035 1495 4101 Priorem
1520 4035 1603 4101 de
1626 4056 1948 4103 consensu
1981 4060 2288 4124 expresso
2307 4039 2552 4105 Prioris

533 4147 601 4207 et
646 4139 944 4226 Capituli
974 4138 1471 4216 antedictorun,
1529 4146 1681 4225 post
1725 4144 2087 4207 tractatum
2158 4142 2552 4228 predictum,

534 4243 980 4309 factis—dum
1011 4264 1090 4308 ea
1123 4243 1196 4306 in
1228 4241 1441 4308 Domo
1474 4241 1850 4330 Capitulari
1883 4245 2170 4312 Ecclesie
2201 4247 2554 4332 Wygorni·

532 4348 701 4413 ensis
734 4347 1051 4430 predicte,
1070 4368 1245 4412 anno
1276 4345 1362 4411 ab
1392 4345 1859 4413 Incarnatione
1888 4348 2159 4414 Domini
2191 4351 2550 4416 secundum

534 4471 797 4517 cursum
829 4454 897 4515 et
927 4451 1469 4535 computationen
1496 4450 1782 4517 Ecclesie
1803 4453 2181 4539 Anglicane,
2203 4454 2552 4521 millesimo

533 4555 992 4620 trecentesimo
1066 4553 1557 4640 septuagesinio
1616 4576 1813 4635 nono,
1889 4557 2259 4623 Indictione
2333 4558 2554 4634 tercia,

534 4657 970 4724 Pontificatus
1022 4657 1421 4724 sanctissimi
1466 4657 1535 4722 in
1591 4657 1853 4726 Christo
1914 4660 2129 4726 Patris
2183 4666 2251 4727 et
2303 4661 2553 4728 domini

535 4762 761 4838 nostri,
808 4761 1060 4826 domini
1113 4759 1391 4838 Urbani,
1438 4760 1672 4827 divina
1730 4763 2151 4848 providentia
2195 4765 2372 4851 Pape
2418 4765 2553 4842 VI„

534 4885 710 4930 anno
762 4864 1066 4940 secundo,
1118 4864 1361 4930 mensis
1408 4863 1710 4931 Octobris
1755 4866 1862 4931 die
1925 4873 2138 4948 sexto,
2182 4867 2554 4951 agebantur
