3731 6032
1496 972 1581 1035 95

526 1132 1057 1199 audeat—salvis
1073 1111 1451 1218 'privilegiis
1480 1129 1877 1198 Pontificum
1912 1129 2380 1195 Romanorum.
2438 1126 2540 1191 Ad
2569 1145 2670 1195 and
2696 1144 2970 1221 Conventa

524 1236 662 1314 hec,
688 1258 895 1302 novas
925 1240 995 1302 et
1024 1234 1350 1299 indebitas
1380 1235 1759 1299 exactiones
1802 1232 1892 1299 ab
1921 1232 2444 1319 Archiepiscopis
2472 1240 2543 1297 et
2569 1216 2966 1339 3223}ng

529 1340 882 1427 Episcopis,
914 1337 1415 1405 Archidiaconis
1442 1358 1560 1404 seu
1592 1338 1894 1415 Decanis,
1921 1336 2201 1423 aliisque
2233 1335 2540 1402 omnibus
2569 1340 2846 1405 privilege..

525 1442 971 1509 ecclesiasticis
1019 1441 1501 1509 secularibusve
1576 1442 1894 1527 personi8‚
1940 1463 1983 1506 a
2027 1440 2212 1506 vobis
2275 1440 2544 1505 omnino
2569 1430 2884 1546 ἒξὶῖξιοὲἓνᾶ

524 1548 669 1612 fieri
742 1546 1181 1634 prohibemus.
1302 1542 1753 1631 Sepulturam
1813 1590 1829 1609 .
1901 1596 1914 1611 .
1986 1594 2000 1609 .
2067 1550 2540 1609 assumantur.
2568 1559 2666 1624 lay,
2681 1561 2964 1613 forbidden.

524 1650 823 1717 Decimas
874 1655 1189 1737 preterea,
1230 1654 1299 1715 et
1351 1650 1789 1735 possessiones
1838 1648 1924 1713 ad
1975 1650 2080 1714 ius
2125 1647 2542 1714 ecclesiarum

529 1760 898 1819 vestrarum
920 1758 1311 1841 spectantes,
1329 1774 1459 1839 que
1480 1774 1523 1817 a
1546 1752 1730 1817 laicis
1753 1752 2155 1828 detinentur,
2177 1749 2542 1816 redimendi

524 1868 590 1923 et
620 1860 914 1944 legitime
944 1857 1268 1923 liberandi
1298 1858 1380 1923 de
1410 1856 1715 1922 manibus
1746 1877 1993 1934 eorum,
2023 1860 2092 1921 et
2121 1855 2208 1919 ad
2241 1854 2541 1920 eeclesias
2568 1826 2820 1941 ἒξζξζᾜ

520 1962 606 2027 ad
636 1983 796 2045 quas
826 1963 1163 2048 pertinent
1191 1959 1565 2037 revocandi,
1596 1960 1805 2025 libera
1832 1961 1924 2025 sit
1953 1959 2144 2024 vobis
2175 1957 2258 2023 de
2292 1957 2542 2023 Nostra
2567 1956 2739 2017 tithan,
2765 1957 2850 2009 &0-

523 2067 941 2131 Auctoritate
965 2064 1265 2130 facultas.
1360 2062 1673 2141 Obeunte,
1694 2084 1846 2130 vero
1848 2109 2100 2141 ......
2132 2060 2342 2144 eliyen
2351 2062 2540 2135 dum.

522 2168 811 2255 Paeique
864 2174 933 2235 et
985 2168 1460 2255 tranquillitati
1491 2175 1709 2233 vestre
1759 2176 2035 2254 paterna
2085 2167 2156 2231 in
2203 2170 2538 2253 posterum

520 2273 965 2340 sollicitudine
990 2272 1334 2357 providere
1366 2272 1684 2348 volentes,
1716 2271 2130 2337 Auctoritate
2161 2270 2542 2355 Apostolica

521 2377 961 2464 prohibemuS,
986 2382 1064 2441 ut
1092 2375 1274 2441 infra
1302 2375 1634 2441 clausuras
1657 2373 1950 2441 locorum
1973 2395 2092 2438 seu
2113 2373 2538 2459 grangiarum

523 2485 913 2557 vestrarum,
943 2479 1163 2544 nullus
1214 2478 1514 2564 rapinam
1566 2500 1682 2545 seu
1735 2476 1993 2544 furtum
2039 2476 2273 2553 facere,
2317 2477 2540 2561 ignem
2571 2522 2780 2584 Against
2851 2540 2929 2572 m-

522 2604 867 2670 apponere,
886 2584 1276 2669 sanguinem
1308 2581 1663 2659 effundere,
1684 2579 2018 2648 hominem
2039 2585 2286 2647 temere
2309 2602 2539 2666 capere
2564 2588 2694 2650 pino,
2713 2588 2864 2649 theft,
2884 2604 2959 2637 ar-

522 2686 627 2751 vel
672 2686 1059 2762 interficere,
1101 2707 1218 2751 seu
1270 2684 1657 2750 violenciam
1690 2684 1933 2751 audeat
1977 2705 2292 2751 exercere.
2383 2684 2536 2748 Pre·
2563 2652 2963 2771 gagaggandam,

522 2799 715 2867 terea,
745 2811 969 2855 omnes
1000 2789 1340 2854 libertates
1371 2793 1440 2853 et
1493 2788 1952 2853 immunitates
1996 2809 2038 2852 a
2067 2787 2534 2872 predecessori·
2562 2781 2677 2893 ’ἰώ
2705 2782 2960 2897 ὴζῑῑῦζθ»

523 2891 645 2958 bus
689 2895 951 2973 nostris,
998 2892 1314 2959 Romanis
1368 2892 1815 2968 Pontificibus,
1861 2891 2265 2958 Monasterio
2318 2896 2534 2957 vestro
2561 2862 2714 2961 ῗοῖἑὲ.
2795 2864 2834 2909 r,
2854 2864 2957 2897 Μ’

524 3019 875 3077 concessae,
901 3019 1174 3075 necnon,
1206 2995 1545 3062 libertates
1576 3001 1644 3062 et
1666 2996 2118 3083 exemptiones
2141 2994 2532 3062 secularium
2562 3019 2922 3070 Confirmation

452 3131 459 3145 ·
522 3103 933 3168 exactionum
964 3123 1006 3167 a
1048 3101 1406 3187 Regalibus
1450 3107 1519 3166 et
1554 3099 1964 3188 Principibus
2009 3099 2115 3164 vel
2146 3099 2293 3165 aliis
2325 3099 2534 3164 fideli·
2559 3085 2613 3133 ⁰¹
2645 3086 2959 3148 ⁶¹⁰¹¹¹pfi⁰⁰⁸

518 3207 645 3272 bus
689 3207 1170 3272 rationabiliter
1231 3206 1420 3271 vobis
1479 3205 1800 3284 indultas,
1854 3205 2272 3271 Auctoritate
2325 3203 2534 3289 Apos·
2559 3150 2898 3278 ξ’ἳέοῗθάκίυῗ

520 3310 719 3376 tolica
748 3311 1227 3386 confirmamus,
1257 3315 1325 3374 et
1354 3309 1676 3394 presentis
1720 3308 1951 3394 scripti
1982 3308 2331 3392 privilegio
2361 3327 2535 3372 com·
2561 3280 2960 3395 ggssroeiaiu‘fful.

523 3414 870 3479 munimus.
959 3413 1427 3488 Decernimus‚
1456 3432 1626 3498 erqo,
1674 3461 1687 3477 .
1736 3461 1749 3476 .
1797 3460 1813 3477 .
1862 3409 2199 3477 canoniea
2227 3410 2536 3486 iusticia,

520 3517 617 3600 [et
638 3518 709 3581 in
727 3517 1041 3603 predictis
1065 3516 1337 3582 decimis
1370 3515 1821 3581 moderacione
1846 3514 2127 3581 Concilii
2151 3513 2535 3598 Generalis}

518 3619 755 3705 Siqua,
782 3619 1009 3707 iyitwr
1053 3666 1072 3684 .
1117 3670 1132 3685 .
1180 3672 1194 3686 .
1241 3665 1257 3684 .
1302 3625 1521 3685 eterne
1573 3617 1770 3706 pacis
1812 3617 2194 3684 inveniant.
2291 3619 2538 3686 Amen.

520 3725 749 3788 Amen.

604 3831 687 3912 ›1‹
759 3826 1146 3892 Alexander
1226 3825 1564 3893 Catholice
1646 3825 1934 3894 Ecclesia
2012 3825 2385 3910 Episcopus.

610 3931 748 4014 Ego
780 3931 1156 4015 Stephanus
1215 3930 1634 3996 Prenestinus
1694 3929 2072 4017 Episcopus,

610 4037 749 4122 Ego
822 4036 1059 4101 Petrus
1118 4034 1346 4100 Sancti
1438 4033 1703 4119 Georgii
1775 4033 1863 4098 ad
1937 4033 2175 4098 Velum
2241 4034 2534 4098 Aureum

689 4139 1015 4204 Diaconus
1060 4136 1446 4204 Cardinalis.

2847 1830 2902 1878 of

608 4241 857 4307 Datum
891 4241 1170 4308 Viterbii
1202 4263 1320 4327 per
1349 4262 1623 4306 manum
1644 4239 1955 4322 Magistri
1989 4239 2273 4317 Iordani,
2294 4241 2533 4306 Sancte

524 4345 812 4411 Romane
912 4343 1197 4411 Ecclesie
1272 4343 1540 4411 Notarii
1612 4353 1680 4408 et
1770 4342 2327 4420 Vicecancellarii,
2415 4343 2531 4410 XI.

523 4448 855 4513 Kalendas
886 4447 1201 4512 Ianuarii.
1268 4447 1637 4512 Indictione
1668 4446 1723 4511 Ι.
1773 4445 2260 4512 Incarnacionis
2306 4447 2532 4511 Domi·

518 4552 661 4616 nice
734 4572 909 4616 anno
988 4549 1437 4618 M⁰OG0LV1L
1514 4549 1970 4626 Pontificatus,
2035 4570 2209 4626 vero,
2282 4549 2530 4616 domini

519 4653 867 4718 Alexandri
907 4653 1083 4740 Pape
1116 4652 1282 4718 IIII.
1313 4673 1489 4718 anno
1518 4657 1769 4739 quarto,

870 4801 929 4863 Α
932 4799 1381 4886 ppropr‘e‘aeio
1411 4797 1696 4866 Ecclesie
1724 4795 1806 4864 de
1840 4795 2198 4882 Twenyny.
2561 4815 2668 4864 XL.

612 4903 933 4980 Urbanus,
967 4903 1346 4990 EpiscopuS‚
1388 4923 1617 4968 servus
1662 4923 2001 4969 servorum
2055 4903 2204 4982 Dei,
2254 4902 2531 4969 Dilectis
