3731 6032
2113 1024 2189 1079 26

1170 1176 1587 1261 Stikeswey,¹
1632 1179 1701 1240 et
1730 1180 1970 1240 terram
2015 1174 2336 1240 dictorum
2365 1174 2652 1239 ‘Abbatis
2685 1182 2750 1239 et
2785 1174 3172 1241 Conventus

1170 1301 1395 1344 versus
1436 1279 1746 1364 Welleye‚
1789 1300 1916 1364 que
1958 1288 2116 1342 sunt
2168 1280 2346 1343 intra
2391 1263 2602 1342 metas
2654 1279 2900 1343 foreste
2952 1290 3174 1344 nostre

1169 1385 1474 1470 predicte,
1537 1405 1741 1469 parvo
1799 1382 2047 1446 fossato
2109 1383 2204 1467 [et
2261 1382 2480 1466 bassa]
2541 1381 2736 1467 haya,
2809 1383 3171 1447 secundum

1168 1489 1435 1552 assisam
1468 1486 1733 1559 foreste,
1777 1486 2110 1550 includere
2154 1493 2223 1549 et
2267 1487 2338 1549 in
2385 1484 2715 1550 culturam
2760 1486 3074 1568 redigere,
3104 1494 3176 1550 et

1169 1614 1297 1665 eas,
1324 1592 1419 1656 sic
1447 1590 1730 1655 inclusas
1760 1595 1830 1654 et
1858 1590 1928 1653 in
1961 1590 2288 1654 culturam
2320 1588 2637 1664 redactas,
2669 1598 2890 1653 tenere
2922 1590 3178 1674 possint

1167 1695 1296 1759 sibi
1368 1700 1435 1759 et
1506 1694 1983 1759 successoribus
2037 1694 2191 1769 suis,
2252 1694 2780 1779 imperpetuum;
2853 1698 2922 1758 et
2995 1692 3176 1778 quod

1169 1804 1432 1863 vastum
1492 1797 1654 1861 illud
1703 1797 1910 1861 distat
1953 1818 1993 1859 a
2035 1802 2338 1881 cooperto
2399 1795 2644 1859 foreste
2705 1796 3000 1881 predicte
3061 1816 3179 1879 per

1171 1902 1335 1967 duas
1388 1902 1603 1966 leucas
1662 1910 1731 1965 et
1789 1899 1966 1984 quod
2026 1921 2158 1963 non
2219 1908 2318 1963 est
2372 1898 2467 1963 ibi
2523 1898 2788 1983 aliquod
2845 1899 3175 1981 repar-ium

1172 2005 1461 2070 ferarum
1493 2008 1859 2069 nostrarum
1888 2026 1904 2077 ;
1953 2004 2103 2078 Nos,
2133 2024 2248 2088 per
2277 2002 2478 2067 finem
2513 2024 2706 2087 quem
2743 2003 2915 2066 idern
2951 2003 3171 2067 Abbas

1174 2109 1335 2174 fecit
1364 2108 1719 2181 nobiscum,
1748 2107 2180 2171 concessimus
2227 2112 2295 2170 et
2341 2105 2677 2169 licenciam
2726 2106 3026 2170 dedimus
3059 2128 3175 2190 pro

1175 2212 1363 2277 nobis
1424 2216 1491 2277 et
1550 2210 1902 2274 heredibus
1960 2210 2218 2283 nostris,
2283 2215 2612 2294 quantum
2675 2210 2744 2272 in
2809 2212 2998 2273 nobis
3059 2215 3180 2286 est,

1176 2315 1418 2380 eisdem
1497 2314 1735 2379 Abbati
1812 2329 1881 2378 et
1953 2313 2349 2389 Conventui,
2423 2312 2598 2395 quod
2659 2313 2787 2398 ipsi
2855 2313 3185 2397 predictas

1176 2420 1523 2504 sexaginta
1580 2439 1761 2483 acras
1820 2418 1992 2480 vasti
2055 2438 2257 2499 parvo
2316 2416 2566 2480 fossato
2619 2422 2689 2480 et
2748 2416 2937 2480 bassa
2994 2418 3187 2502 haya,

1178 2521 1534 2587 secundum
1588 2522 1855 2585 assisam
1917 2522 2178 2595 foreste,
2225 2520 2556 2583 includere
2607 2528 2674 2585 et
2727 2520 2795 2583 in
2849 2521 3178 2585 culturam

1178 2626 1471 2711 redigere
1504 2626 1600 2709 [et
1639 2625 1771 2709 eas]
1802 2625 1898 2690 sic
1944 2624 2227 2689 inclusas
2272 2629 2342 2688 et
2385 2625 2455 2687 in
2503 2625 2830 2687 culturam
2875 2624 3190 2700 redactae,

1076 2742 1092 2763 ⁰
1180 2736 1401 2795 tenere
1431 2730 1683 2814 possint
1713 2729 1838 2793 sibi
1869 2734 1936 2793 et
1965 2727 2440 2793 successoribus
2473 2728 2628 2803 suiS,
2671 2728 3191 2814 imperpetuum,

1180 2834 1354 2897 sicut
1382 2831 1750 2917 predictum
1803 2836 1921 2906 est,
1973 2832 2114 2895 sine
2165 2834 2501 2895 occasione
2552 2837 2654 2895 vel
2716 2832 3196 2917 impedimento

1184 2936 1413 3001 Nostri
1446 2935 1550 3000 vel
1596 2934 1908 3002 heredum
1955 2940 2348 3009 nostrorum,
2384 2934 2922 3011 iusticiariorum,
2951 2935 3187 2999 forest-

1184 3041 1490 3115 ariorum,
1562 3039 2060 3116 Viridariorum,
2136 3038 2656 3121 regardatorum,
2716 3045 2836 3104 aut
2909 3040 3190 3105 aliorum

1186 3144 1575 3208 ballivorum
1608 3165 1719 3207 seu
1747 3144 2191 3207 ministrorum
2215 3146 2586 3206 nostrorum
2618 3142 2858 3206 foreste
2884 3165 3193 3228 quorum·

1192 3269 1467 3333 cunque.
1556 3247 1635 3310 In
1666 3243 1855 3311 cuius
1889 3247 1982 3310 rei
2014 3247 2487 3321 testimonium,
2529 3244 2649 3309 has
2680 3246 2908 3310 literas
2939 3255 3197 3310 nostras

1192 3351 1335 3415 fieri
1365 3351 1643 3415 fecimus
1667 3356 1984 3435 patentes
2073 3349 2265 3413 Teste
2289 3371 2392 3413 me
2416 3351 2557 3434 ipso
2589 3349 2768 3434 apud
2793 3349 3197 3414 Berewicum

1194 3476 1393 3536 super
1464 3455 1785 3529 Twedam,
1845 3453 2230 3518 duodecimo
2304 3453 2411 3517 die
2487 3453 2690 3528 lunii,
2763 3475 2940 3518 anno
3013 3453 3200 3538 regni

1195 3559 1403 3623 nostri
1465 3557 2307 3643 quarto.'’—stpeoei‘mu8‚
2373 3558 2602 3635 eciam,
2661 3558 2976 3642 quasdam
3037 3558 3204 3622 alias

1198 3662 1423 3725 literas
1483 3665 1783 3745 patentes
1844 3661 2089 3745 prefati
2151 3660 2397 3723 domini
2449 3659 2778 3736 Edwardi,
2821 3660 2944 3725 filii
3005 3661 3207 3745 Regis

768 3801 839 3852 50·
868 3799 944 3853 17·
1200 3763 1491 3840 Heni-ici,
1533 3764 1602 3826 in
1648 3763 1768 3826 hec
1799 3761 1996 3826 verba
2024 3771 2158 3826 :—“
2183 3761 2565 3837 Edwardus,
2605 3763 2728 3828 Dei
2766 3763 3018 3836 Gracia,
3065 3766 3208 3830 Rex

777 3889 1174 3949 16June.1307,
1203 3867 1469 3948 Αῐιεζῐὶε,
1498 3867 1802 3931 dominus
1834 3865 2153 3931 Hibernie
2184 3871 2252 3930 et
2285 3867 2440 3932 Dux
2474 3868 2848 3951 Aquitanis,
2881 3869 3209 3934 Omnibus

774 3954 1149 4070 ἓῗὲξνξζὲᾞ
1201 3970 1286 4034 ad
1318 3991 1482 4054 quos
1514 3976 1847 4055 presentes
1879 3969 2069 4034 litere
2113 3971 2554 4055 pervenerint,
2577 3971 2876 4036 salutem.
2969 3972 3210 4037 Sciatis

775 4084 1047 4136 wenelose
1083 4081 1177 4159 {15
1207 4073 1383 4160 quod
1431 4074 1511 4138 de
1564 4075 1769 4138 vastis
1823 4073 1892 4136 in
1948 4074 2195 4137 foresta
2253 4079 2479 4138 nostia
2537 4073 2618 4138 de
2673 4074 3092 4140 Wiehewode
3143 4077 3215 4140 in

774 4149 1145 4279 &gregans-am
1209 4173 1551 4239 Comitatu
1585 4172 1963 4248 Omnis-nsi,
2009 4173 2464 4249 concessimus,
2493 4195 2612 4258 pro
2643 4175 2831 4238 nobis
2863 4180 2931 4239 et
2962 4174 3220 4240 heredi-

778 4280 1167 4393 ξὲιτωῡβίὲαί
1208 4277 1333 4341 bus
1393 4271 1709 4356 [nostris]‚
1769 4274 2024 4339 dilectis
2086 4275 2288 4339 Nobis
2349 4275 2419 4339 in
2491 4275 2775 4350 Christo,
2841 4277 3088 4342 Abbati
3148 4282 3219 4343 et

779 4359 1087 4461 wssffikffi‘
1112 4359 1142 4390 ⁰
1211 4379 1589 4446 Conventui
1653 4378 1735 4442 de
1794 4376 2347 4463 Wynchecumbe,
2423 4377 2504 4443 de
2561 4379 2698 4443 solo
2756 4401 2876 4444 suo
2936 4381 3219 4466 propri0,

778 4473 1183 4589 gg’gdoeggdofth‘*
1210 4488 1473 4549 centum
1552 4485 1621 4546 e't
1694 4481 2064 4564 quindecim
2129 4503 2312 4547 aci-as
2377 4491 2444 4546 et
2505 4504 2702 4547 unam
2779 4484 3025 4561 rodam,
3098 4505 3218 4570 per

780 4603 1055 4666 Anoelegh:
1091 4605 1185 4654 20.
1215 4587 1529 4674 perticam
1577 4584 1818 4671 viginti
1864 4585 2150 4669 pedum:
2193 4605 2469 4670 quarum
2519 4587 2762 4672 viginti
2807 4609 2956 4652 acre
3000 4589 3219 4654 iacent

778 4671 1006 4719 between
1030 4668 1119 4716 ‘¹²⁶
1210 4691 1386 4754 inter
1415 4688 1677 4753 boscum
1712 4686 1992 4753 Comitis
2023 4687 2418 4752 Warrwikie
2448 4693 2517 4753 et
2541 4688 2936 4754 dominicam
2969 4695 3214 4754 terram

781 4733 998 4796 Quem·-
1019 4734 1119 4782 and

778 4799 1001 4914 &mg
1210 4793 1484 4858 manerii
1516 4790 1599 4856 de
1632 4790 1940 4874 Astelegb
1973 4815 1988 4869 ;
2031 4795 2100 4855 et
2131 4791 2259 4856 due
2289 4813 2435 4856 acre
2483 4793 2702 4857 iacent
2747 4793 3218 4858 inter-boscum

781 4929 879 4993 78}
916 4945 985 4988 ο..
1031 4928 1094 4978 80
1128 4943 1179 4992 p.
1275 4921 1295 4954 ¹
1318 4925 1348 4949 ‘⁸
1366 4923 1657 4990 Wykhull,”
1685 4924 1718 4950 ‘·
1740 4923 2010 4988 Stikelway
2031 4924 2062 4944 ”
2084 4925 2363 4974 elsewhere.
