3731 6032
2117 963 2245 1028 282

1168 1148 1366 1211 quam
1395 1127 1577 1206 alibi,
1607 1150 1804 1216 super
1831 1128 1963 1193 hiis
1990 1135 2375 1216 sumptuose
2404 1133 2867 1216 multipliciter
2894 1127 3178 1216 agitatas

1169 1232 1651 1317 -quibusdam
1697 1233 2161 1310 mediantibus,
2205 1237 2382 1318 pacis
2433 1235 2847 1310 solutoribus,
2878 1233 3180 1318 quietum

1173 1342 1425 1403 statum
1458 1336 1782 1402 dictarum
1829 1338 2122 1423 partium
2168 1339 2605 1424 cupientibus,
2650 1359 2769 1424 pro
2820 1335 3005 1401 finali
3032 1353 3183 1400 con·

1171 1441 1394 1506 cordia
1424 1445 1493 1505 et
1522 1460 1681 1527 pace
1710 1444 2030 1526 perpetua
2048 1441 2219 1505 inter
2248 1447 2470 1507 partes
2501 1441 2828 1527 predictas
2859 1443 2928 1503 et
2956 1456 3183 1502 earum

1170 1564 1584 1619 successores,
1605 1543 1853 1608 futuris
1874 1550 1943 1608 et
1965 1546 2302 1630 perpetuis
2326 1545 2731 1631 temporibus
2754 1538 3181 1613 observanda,

1172 1655 1242 1713 et
1302 1653 1380 1712 ut
1437 1648 1530 1712 eis
1590 1648 1952 1732 questionis
2020 1649 2301 1714 materia
2372 1651 2443 1713 in
2518 1672 2597 1714 ea
2669 1654 2859 1735 partc
2916 1646 3182 1732 penitus

741 1763 849 1813 The
867 1768 1056 1813 matter
1071 1779 1145 1812 re·
1172 1751 1655 1816 evellatur—in
1712 1749 2047 1816 Discretos
2106 1750 2317 1829 Viros,
2377 1753 2767 1838 Magistrum
2819 1749 3182 1814 Iohannem

742 1830 908 1878 feri-ad
947 1833 1003 1878 to
1044 1833 1148 1877 two

739 1895 924 1957 judges
963 1894 1144 1942 amica·

743 1958 824 2007 ble
854 1965 910 2007 to
943 1958 1068 2009 both

741 2030 947 2087 parties.

749 4467 858 4516 The
881 4467 1053 4517 Abbat

751 4532 879 4581 shall
902 4532 1059 4581 desist

751 4600 884 4647 from
906 4597 1108 4647 further

755 4662 1070 4725 prosecution
1093 4676 1106 4717 ;

751 4729 898 4776 make
928 4728 1090 4787 Roger

750 4794 1003 4841 sufficient
1023 4806 1102 4841 ac·

751 4859 1030 4921 quittance.

1177 1854 1557 1933 Wodhowe‚
1577 1853 2009 1930 Bacalarium,
2035 1859 2105 1919 et
2127 1855 2479 1920 Ricardum
2508 1855 2830 1933 Buschell,
2856 1852 3180 1926 clericum,

1175 1958 1611 2024 communiter
1640 1957 1897 2036 electOS,
1926 1963 1995 2023 et
2036 1965 2407 2045 assumptos
2450 1966 2769 2044 tanquam
2798 1961 2871 2023 in
2900 1957 3183 2022 arbitros

1172 2066 1242 2128 et
1284 2062 1710 2125 arbitratores
1755 2067 1824 2124 et
1864 2060 2242 2126 amicabiles
2284 2063 2767 2149 compositores,
2796 2058 3183 2146 compromi-

1170 2169 1402 2229 serunt
1423 2171 1491 2228 et
1520 2165 2031 2240 consencierunt,
2053 2185 2130 2230 ac
2159 2165 2372 2241 laudo,
2393 2166 2667 2231 arbitrio
2689 2170 2757 2230 et
2776 2160 3180 2229 ordinacioni

1169 2289 1394 2333 eorum
1440 2268 1512 2332 in
1554 2267 1693 2333 alto
1736 2273 1806 2332 et
1850 2266 2057 2344 basso,
2087 2269 2159 2332 in
2204 2289 2283 2334 ea
2326 2274 2537 2352 parte,
2588 2292 2659 2334 se
2710 2268 3177 2341 submiserunt,

1169 2371 1623 2456 dederuntque
1667 2376 2063 2457 potestatem
2107 2373 2406 2458 predicto
2450 2373 2767 2459 Magistro
2798 2371 3079 2437 Iohanni
3109 2374 3180 2434 et

1168 2473 1468 2548 Ricard0,
1498 2474 1758 2561 plenam
1791 2479 1859 2538 et
1890 2474 2163 2540 liberam
2198 2477 2539 2541 materiam
2587 2485 2652 2542 ct
2684 2497 2949 2541 causam
2981 2475 3181 2540 refec-

1167 2578 1370 2643 eionis
1401 2582 1470 2642 et
1513 2577 1947 2663 reparacionis
1998 2577 2289 2644 Cancelli
2335 2580 2631 2664 predicti,
2667 2585 2735 2645 et
2787 2581 3179 2644 iniuriarum

1167 2682 1460 2744 omnium
1522 2685 1590 2745 et
1651 2680 2060 2766 singularum
2116 2682 2291 2746 inter
2345 2684 2673 2769 predictos
2736 2683 3059 2748 Abbatem
3112 2686 3182 2746 et

1168 2783 1580 2848 Conventum
1613 2793 1682 2848 et
1711 2785 2049 2869 prefatum
2094 2785 2437 2850 dominum
2489 2787 2819 2873 Rogerum
2865 2791 3181 2863 ortarum,

1167 2887 1247 2954 de
1292 2886 1533 2972 quibus
1581 2909 1791 2974 ⁷super
1849 2887 1929 2952 fit
1988 2890 2264 2968 menciO,
2313 2891 2692 2955 examinare
2745 2896 2814 2956 et
2856 2891 3030 2954 inter
3073 2909 3182 2954 eos

1168 2989 1536 3068 discutere;
1601 2997 1691 3069 et,
1739 2991 1901 3076 ipsis
1951 2992 2163 3057 causis
2215 2997 2285 3058 et
2335 2993 2629 3059 materiis
2674 2993 3065 3059 examinatis
3117 2998 3186 3058 et

1171 3094 1499 3169 discussis,
1529 3114 1756 3159 eorum
1801 3094 2147 3159 arbitrium
2179 3106 2247 3161 et
2277 3097 2550 3161 laudum
2582 3104 2651 3163 et
2696 3098 3181 3162 ordinacionem

1171 3218 1368 3282 super
1421 3198 1752 3281 premissis
1805 3198 2021 3263 dicere
2074 3203 2144 3264 et
2202 3200 2533 3285 proferre;
2606 3202 3067 3286 promittentes
3120 3220 3187 3264 se

1173 3321 1358 3386 pure,
1402 3304 1638 3385 sponte
1681 3309 1750 3365 et
1793 3300 2111 3380 absolute,
2140 3303 2439 3382 arbitrio,
2484 3304 2679 3383 dicto,
2708 3303 2905 3369 laudo
2956 3302 3185 3367 huius-

1175 3404 1351 3468 modi
1400 3404 1869 3469 arbitratorum
1926 3410 1992 3469 et
2044 3406 2488 3472 amicabilium
2542 3408 3067 3494 compositorum,
3116 3415 3184 3470 et

1175 3507 1495 3585 omnibus,
1531 3508 1599 3571 in
1645 3529 1724 3572 ea
1767 3513 1979 3590 parte,
2008 3510 2356 3588 parituroS,
2386 3517 2453 3576 et
2498 3512 2725 3576 eadem
2772 3511 3180 3597 impleturos

1177 3609 1307 3690 Qui
1367 3610 1630 3696 quidem
1701 3614 2272 3697 compromissarii,
2331 3636 2498 3679 onus
2574 3615 2949 3679 huiusmodi
3015 3635 3188 3679 com-

1178 3714 1499 3799 promissi,
1551 3722 1871 3800 tanquam
1932 3716 2308 3782 amicabiles
2368 3719 2848 3803 compositores
2914 3722 2983 3782 et
3056 3738 3185 3782 non

1179 3818 1384 3881 veluti
1429 3818 1662 3881 arbitri
1705 3818 2052 3903 simplices,
2096 3820 2166 3883 in
2212 3842 2281 3885 se
2327 3822 2772 3906 suscipientes,
2801 3842 2877 3887 ac
2921 3842 3038 3907 per
3081 3843 3187 3886 eos

1177 3922 1572 3987 examinatis
1603 3926 1672 3986 et
1703 3922 2011 3987 discussis
2042 3925 2338 3988 materiis
2368 3933 2437 3989 et
2468 3927 2679 3990 causis
2710 3925 3089 3991 refeccionis
3119 3932 3187 3989 et

1181 4024 1614 4109 reparacionis
1662 4023 1955 4090 Cancelli
1999 4026 2299 4111 predicti,
2342 4033 2411 4093 et
2454 4029 2735 4093 aliarum
2796 4030 3187 4094 iniuriarum

1182 4128 1877 4212 supradictarum—ut
1935 4130 2110 4194 inter
2162 4132 2489 4213 predictos
2535 4132 2961 4196 seminarium
3013 4133 3192 4218 pacis

1183 4232 1476 4295 fructum
1540 4231 1983 4297 desideratum
2042 4235 2392 4317 germinet,
2443 4235 2909 4321 concordieque
2970 4238 3193 4300 unitas

1185 4334 1562 4420 indempnis
1583 4334 2961 4416 invalcacat—ordinarunt,arbitrabantur,
2984 4339 3196 4403 dixer—

1185 4442 1329 4513 unt,
1374 4436 1730 4502 laudarunt
1775 4442 1844 4502 et
1901 4439 2266 4517 voluerunt,
2310 4442 2488 4525 quod
2528 4442 2811 4525 predicti
2859 4443 3087 4508 Abbas
3130 4448 3199 4507 et

1185 4538 1571 4605 Conventus
1602 4540 1686 4605 ab
1717 4544 1897 4606 omni
1943 4544 2203 4609 accione
2249 4546 2585 4624 instituta,
2614 4555 2682 4611 et
2727 4546 2866 4611 litis
2897 4567 3199 4632 prosecu-

1185 4644 1390 4719 cione,
1449 4644 1783 4709 occasione
1834 4666 2375 4733 quarumcunque
2434 4650 2827 4714 iniuriarum
2886 4672 3003 4736 per
3054 4671 3197 4735 pre-

1183 4747 1434 4813 dictum
1497 4748 1838 4813 dominum
1902 4748 2232 4835 Rogerum
2292 4752 2538 4816 eisdem
2612 4752 2960 4839 Religiosis
3020 4753 3198 4819 Viris

1180 4850 1537 4927 illatarum,
1568 4851 1638 4915 in
1673 4849 1879 4917 Curia
1909 4852 2158 4917 domini
2182 4856 2390 4919 nostri
2412 4854 2609 4940 Regis
2632 4858 2905 4943 agitata,
2928 4860 3193 4944 penitus
