3731 6032
760 1430 983 1483 xum.

762 1522 1054 1587 Complaint
1073 1528 1131 1574 at

759 1592 852 1643 the
873 1604 1013 1640 same
1030 1588 1162 1639 Visi-

758 1656 926 1707 tation
949 1654 1004 1704 οἱ
1024 1654 1116 1705 the

760 1720 1024 1772 smannens
1046 1719 1103 1770 of

758 1787 850 1837 the
872 1784 1073 1835 endow-

762 1854 907 1902 ment
927 1850 983 1899 of
996 1850 1085 1899 the

760 1916 999 1981 Vicat-age

767 3210 987 3260 Thomas

766 3276 987 3340 Wattys,
1002 3273 1167 3331 Vicat,

766 3346 824 3390 to
846 3355 1030 3405 appear
1050 3343 1107 3388 at

2147 970 2274 1032 104

1191 1128 1462 1195 Domini
1498 1130 1849 1197 millesimo
1901 1129 2206 1199 OOGOm
2249 1129 2598 1207 XXIIIIw,
2627 1128 2871 1195 Nostre
2909 1124 3215 1191 Transla-

1190 1232 1399 1298 cionis
1434 1254 1612 1298 anno
1642 1234 2009 1302 undecimo·

1278 1426 1627 1493 Universis
1710 1428 1962 1495 Christi
2040 1429 2344 1495 fidelibus
2418 1429 2507 1495 ad
2580 1449 2743 1515 quos
2821 1424 3210 1512 [presentes]

1190 1530 1414 1597 littere
1458 1534 1887 1618 pervenerint
1932 1533 2308 1599 Willelmus
2350 1533 2729 1617 Browning,
2788 1530 3214 1595 Decretorum

1192 1634 1460 1713 Doctor,
1506 1636 2062 1701 Reverendissimi
2113 1637 2186 1701 in
2235 1635 2502 1702 Christo
2557 1634 2794 1713 Patris,
2835 1638 2904 1699 et
2944 1632 3214 1708 domini,

1194 1739 1445 1804 domini
1522 1738 1820 1816 Henrici,
1894 1739 2023 1805 Dei
2098 1739 2355 1818 Gracia,
2429 1739 2918 1805 cantuariensis
2985 1734 3213 1801 Archi-

1192 1844 1497 1927 episcopi,
1548 1844 1755 1908 totius
1804 1843 2051 1929 Anglie
2112 1842 2422 1909 Primatis
2485 1849 2556 1909 et
2599 1842 2968 1929 Apostolice
3023 1839 3212 1905 Sedis

1194 1946 1445 2032 Legati,
1518 1947 1605 2011 ad
1679 1947 2086 2033 querendum
2160 1948 2242 2013 de
2317 1947 2475 2012 exili
2483 1953 2617 2013 tate
2670 1947 3082 2012 Vicariarum
3141 1944 3212 2008 in

1194 2050 1908 2116 Archidiaconitatibus
1927 2049 2182 2117 Oxonie
2201 2055 2270 2116 et
2287 2051 2711 2137 Bukynham,
2733 2049 3210 2114 Lincolniensis

1192 2153 1560 2231 Dioceseos,
1575 2154 1981 2221 Visitacione
1991 2154 2310 2241 Metropol
2319 2155 2474 2221 itica
2485 2154 2647 2220 dicti
2659 2152 3207 2219 Reverendissimi

1192 2256 1409 2322 Patris
1457 2257 1529 2321 in
1581 2258 1809 2322 eadem
1872 2258 2127 2325 Diocesi
2187 2258 2407 2324 adhuc
2467 2258 2802 2344 inexpleta
2860 2256 3206 2340 pendente,

1195 2359 1699 2428 Commissarius
1774 2360 2173 2428 sufficienter
2269 2370 2336 2427 et
2427 2362 2754 2447 legittime
2828 2362 3208 2446 deputatae,

1193 2463 1491 2530 Salutem
1570 2465 1639 2528 in
1713 2465 1999 2530 Auctore
2075 2463 2346 2530 Salutis.
2477 2464 2920 2531 Universitati
2997 2469 3214 2530 vestre

1191 2576 1428 2631 notum
1486 2565 1771 2633 facimus
1845 2588 1964 2653 per
2037 2572 2389 2654 presenteS,
2468 2568 2643 2654 quod
2719 2590 2834 2633 vos
2907 2567 3070 2632 alias
3145 2573 3214 2633 et

1193 2670 1526 2735 Abbatem
1586 2677 1654 2735 et
1716 2670 2139 2737 Conventum
2200 2671 2282 2736 de
2331 2671 2888 2757 Wynchecumba,
2935 2671 3207 2737 Ordinis

1192 2772 1421 2839 Sancti
1454 2772 1813 2850 Benedicti,
1840 2773 2334 2861 Wygorniensis
2358 2774 2717 2850 Dioceseoe,
2747 2775 3212 2861 proprietarios

1192 2876 1479 2943 Ecclesie
1561 2875 1957 2943 Parochialis
2030 2877 2112 2942 de
2188 2877 2546 2956 Ennestan,
2627 2877 3208 2943 Archidiaconatus

1196 2979 1589 3046 Oxoniensis
1686 2980 1861 3047 dicte
1951 2979 2426 3048 Lincolniensis
2517 2981 2878 3059 Dioeeseos,
2963 2981 3210 3048 eisdem

1195 3085 1443 3150 Abbati
1466 3089 1537 3150 et
1558 3084 1938 3150 Conventui
1962 3085 2150 3150 unite
2173 3090 2242 3150 et
2265 3087 2688 3171 appropriate
2708 3109 2724 3166 3
2773 3107 2851 3152 ac
2873 3086 3214 3151 dominum

1194 3189 1514 3255 Thomam
1613 3187 1901 3274 WattyS,
1991 3188 2330 3254 Vicarium
2421 3188 2821 3275 Perpetuam
2921 3189 3212 3254 eiusdem

1195 3292 1479 3359 Ecclesie
1524 3291 1608 3356 de
1651 3291 2044 3368 Ennestane,
2073 3313 2114 3356 a
2163 3313 2295 3376 qua
2339 3291 2520 3357 dicta
2571 3292 2831 3358 Vicat-ia
2863 3292 3208 3378 dependet,

768 3404 1025 3470 chipping
1040 3404 1168 3482 qu·
1194 3418 1323 3483 que
1353 3395 1551 3460 nimis
1581 3395 1774 3461 exilis
1805 3395 2215 3480 dotata[est],
2236 3404 2434 3482 prout
2457 3396 2530 3460 in
2561 3397 2788 3461 eadem
2811 3396 3212 3462 Visitacione

769 3477 879 3530 ton,
919 3471 982 3521 18
1007 3469 1153 3534 April

772 3536 917 3598 1425,
940 3535 1110 3584 before
1156 3505 1168 3530 ²
1195 3500 1527 3565 detectum
1558 3498 1878 3563 extiterat
1908 3503 1976 3563 et
2006 3498 2319 3577 delatum,
2343 3498 2429 3563 ad
2456 3499 2966 3585 comparendum
2998 3521 3215 3565 coram

772 3599 915 3651 Wffl·
940 3601 1147 3678 Browp-
1193 3603 1385 3668 nobis
1440 3603 1507 3667 in
1574 3601 1863 3667 Ecclesia
1938 3600 2307 3668 Parochiali
2381 3601 2465 3666 de
2535 3601 2863 3687 Ohepyng
2941 3603 3216 3682 Norton,

768 3667 874 3730 ing,
900 3665 1147 3716 Commis-

771 3746 903 3795 sat-y.

1197 3705 1490 3772 eiusdem
1558 3705 2034 3771 Lincolniensis
2111 3704 2478 3781 Dioceseos,
2527 3704 2664 3770 XII
2668 3705 2730 3770 1⁰
2790 3706 2898 3770 die
2969 3708 3218 3774 Mensis

1200 3809 1463 3896 Aprilis,
1518 3830 1694 3874 anno
1746 3808 2019 3875 Domini
2059 3809 2409 3875 millesimo
2451 3807 2758 3876 000οΠιο
2809 3809 3074 3885 XXV⁶⁰‚
3126 3814 3214 3877 ad

1198 3913 1560 3978 videndum
1593 3922 1658 3978 et
1702 3912 2105 3978 audiendum
2152 3912 2652 3998 inquisicionem
2699 3914 2842 3998 capi
2889 3916 2962 3977 in
2994 3915 3217 3981 debita

1199 4019 1364 4082 iuris
1391 4016 1610 4082 forma
1637 4038 1835 4103 super
1880 4016 2183 4081 exilitate
2227 4020 2296 4080 et
2348 4037 2498 4080 vero
2545 4015 2759 4080 valore
2791 4037 3010 4082 annuo
3042 4016 3219 4084 dicte

1198 4121 1457 4186 Vicarie
1485 4120 1569 4185 de
1600 4119 1995 4196 Ennestane,
2021 4119 2418 4186 auctoritate
2463 4118 2624 4185 dicti
2657 4119 3211 4187 Reverendissimi

1202 4224 1443 4298 PatriS,
1488 4223 1679 4289 citari
1724 4223 2024 4298 fecimus,
2071 4223 2336 4288 iusticia
2375 4222 2446 4287 id
2493 4227 2816 4307 poscente.
2941 4223 3217 4304 Quibus,

1204 4349 1381 4401 vero,
1412 4325 1519 4391 die
1550 4329 1619 4390 et
1648 4325 2051 4401 1000‚.coram
2080 4325 2272 4391 nobis
2314 4346 2432 4410 pro
2467 4325 2788 4408 tribunali
2818 4326 3220 4405 sedentibus,

1205 4429 1483 4516 predicti
1536 4429 1758 4493 Abbas
1812 4433 1880 4494 et
1933 4428 2313 4495 Conventus
2361 4449 2478 4514 per
2523 4427 2800 4494 fratrem
2845 4429 2892 4493 J
2893 4429 3221 4496 ohannem

1090 4563 1173 4606 on,
1206 4535 1498 4608 London,
1529 4532 1922 4598 monachum
1954 4536 2023 4597 et
2069 4531 2466 4597 eonfratrem
2517 4531 2809 4596 eiusdem
2843 4532 3226 4600 Monasterii

830 4551 946 4795 rs}“

1054 4547 1089 4596 Ω.

880 4565 914 4598 t:

1017 4563 1052 4597 β

775 4549 840 4795 «aas

1011 4616 1123 4663 ξ

816 4761 877 4795 8

1048 4677 1120 4728 5?

1122 4628 1181 4714 ⁰¹]
1206 4638 1287 4702 de
1348 4635 1898 4720 Wynchecumba,
1973 4639 2268 4720 ipsorum
2352 4635 2861 4712 Procuratorem,
2949 4637 3036 4702 ad
3096 4637 3223 4706 hoc

1207 4739 1602 4815 sufficienter
1634 4744 1703 4804 et
1746 4739 2074 4824 legittime
2103 4740 2562 4816 constitutum,
2590 4745 2658 4804 et
2697 4739 2874 4805 idem
2917 4739 3222 4808 dominus

1208 4843 1510 4919 Thomas,
1570 4842 1892 4921 vicarius,
1942 4843 2312 4909 antedictus
2366 4843 2799 4928 personaliter
2847 4863 3225 4929 comparue-
