3731 6032
1482 968 1607 1031 411

538 1131 823 1198 Gretton
844 1153 929 1197 ex
951 1133 1438 1199 accommodato
1461 1135 1669 1221 ipsius
1692 1135 1960 1203 Roberti
1986 1136 2073 1201 ad
2097 1138 2225 1201 mei
2246 1141 2550 1222 rogatum

538 1235 954 1323 presentibus
983 1238 1283 1322 apposui.
1374 1237 1525 1303 Hiis
1554 1238 1879 1319 testibus;
1924 1238 2216 1305 Roberto
2245 1239 2328 1304 de
2360 1238 2549 1323 Noy;

534 1339 791 1406 Thoma
841 1340 903 1405 le
962 1338 1369 1427 Carpenter3
1442 1341 1744 1408 Iohanne
1800 1342 1863 1409 le
1924 1341 2152 1409 White
2181 1366 2196 1420 ;
2268 1343 2552 1409 Ricardo

536 1442 763 1531 Cappe
815 1448 884 1509 et
934 1443 1102 1508 aliis.
1193 1444 1369 1510 Data
1416 1445 1948 1530 Wynchecumbe
1994 1445 2101 1511 die
2154 1445 2431 1512 Sabbati
2479 1447 2551 1511 in

536 1546 845 1613 Crastino
875 1546 1103 1613 Sancti
1135 1547 1443 1624 Oswaldi,
1465 1549 1982 1637 Archiepiscopi,
2013 1554 2082 1615 et
2114 1549 2552 1630 Oonfessoris3

534 1672 711 1717 anno
740 1651 928 1737 regni
958 1651 1159 1737 Regis
1190 1651 1502 1717 Edwardi
1519 1651 1731 1719 Tercii
1762 1675 1803 1718 a
1834 1652 2216 1737 conquestu
2246 1656 2546 1739 septimo.

581 1878 791 1945 Carta
818 1878 1163 1945 Iohannis
1192 1880 1554 1946 Pania-rii
1595 1886 1654 1945 et
1699 1880 2026 1965 Symonis
2071 1878 2115 1944 I
2113 1900 2203 1961 ay
2233 1879 2313 1945 de
2356 1899 2502 1945 uno
2570 1900 2970 1953 oocnxxvm

768 1988 1137 2049 tenemento
1166 2004 1325 2050 cum
1354 1982 1727 2068 curtilayio
1756 1982 1839 2049 οἴη
1881 1981 2294 2051 North-strete.

619 2120 847 2186 Sciant
917 2126 1253 2207 presentes
1326 2126 1395 2187 et
1466 2120 1700 2198 futuri,
1761 2122 1941 2207 quod
2015 2143 2135 2186 nos
2209 2120 2541 2187 Iohannes
2566 2129 2662 2177 Ab·
2709 2133 2770 2180 21
2818 2130 2960 2194 sept,

532 2225 909 2290 Paniterius
961 2231 1031 2290 et
1090 2226 1336 2311 Symon
1398 2225 1535 2310 Iay,
1596 2224 1960 2311 capellani,
2019 2224 2341 2304 dedimm,
2391 2248 2539 2292 con·
2567 2196 2970 2321 {329’12212'32'021

525 2329 841 2394 cessimus
886 2332 956 2395 et
998 2328 1122 2394 hac
1169 2328 1455 2415 presenti
1500 2333 1682 2395 carta
1732 2335 1961 2394 nostra
2011 2329 2542 2395 confirmavimus
2566 2324 2670 2439 &nd
2687 2324 2893 2440 ἒὲἲῖῡ,

529 2430 870 2516 Stephano
900 2431 981 2495 de
1010 2432 1402 2516 Todyntona
1431 2432 1513 2496 de
1545 2430 2084 2517 Wynchecumba
2129 2436 2198 2497 et
2227 2431 2542 2505 Dionisie,
2562 2405 2714 2517 8:³¹3ss
2770 2407 2828 2504 ιε
2847 2406 2975 2451 mm,

531 2537 726 2601 uxori
754 2556 889 2612 sue,
920 2542 989 2601 et
1009 2535 1362 2600 heredibus
1392 2536 1475 2600 de
1504 2536 1885 2621 corporibus
1909 2537 2046 2601 suis
2077 2536 2252 2600 inter
2281 2535 2538 2600 eosdem
2567 2519 2917 2649 ξξὲῐὲξθᾶξζε

528 2637 823 2724 legitime
852 2641 1227 2726 procreatis,
1260 2661 1468 2705 unum
1511 2644 1968 2705 tenementum
2012 2662 2162 2707 cum
2192 2640 2541 2725 curtilagio
2568 2647 2789 2729 Wsinqli„
2811 2652 2916 2728 angi

522 2741 862 2809 adiacente
886 2745 956 2808 in
984 2744 1143 2807 villa
1165 2743 1247 2808 de
1266 2742 1808 2829 Wynchecumba
1827 2744 1899 2808 in
1922 2744 2104 2819 Vico,
2125 2744 2242 2829 qui
2267 2748 2541 2809 vocatur
2565 2714 2969 2833 3:3¹?an

524 2856 557 2880 ‘⁴
580 2846 789 2913 North
838 2846 1078 2923 Stret,’'
1122 2848 1447 2911 situatum
1492 2848 1668 2912 inter
1711 2847 2004 2931 placeam
2053 2846 2303 2913 domini
2346 2848 2541 2931 Regis
2565 2817 2736 2959 {23¹¹
2776 2846 2965 2903 street,

525 2972 609 3015 ex
638 2956 829 3038 parte
858 2972 1012 3029 una,
1041 2955 1110 3016 et
1140 2956 1594 3016 tenementum
1627 2949 1945 3015 Willelmi
1975 2950 2160 3018 Reod
2197 2973 2283 3015 ex
2313 2950 2541 3030 altera,
2569 2911 2914 3042 Κῑῃζῗῃρῖςξῖο

482 3146 491 3158 ·
524 3055 925 3122 Habendum
968 3061 1039 3121 et
1081 3055 1444 3120 tenendum
1489 3054 1859 3140 predictum
1905 3059 2361 3120 tenementum
2391 3076 2540 3120 cum
2567 3040 2924 3158 ᾗζῖᾶῖᾞῗξῃ

522 3159 873 3245 curtilagio
891 3164 960 3225 et
969 3159 1275 3224 omnibus
1291 3159 1430 3224 suis
1440 3158 1865 3244 pertinenciis
1875 3158 2188 3244 predictis
2200 3157 2542 3245 Stephano
2886 3145 2901 3158 ⁶

524 3271 593 3330 et
622 3264 941 3341 Dionisie,
970 3263 1163 3328 uxori
1193 3283 1331 3340 sue,
1363 3268 1431 3327 et
1478 3262 1826 3328 heredibus
1874 3262 1956 3327 de
1993 3262 2373 3350 corporibus
2403 3262 2541 3327 suis

522 3369 701 3434 inter
730 3368 989 3433 eosdem
1020 3367 1313 3452 legitime
1344 3366 1719 3452 procreatis,
1749 3365 1974 3442 libere,
2003 3366 2251 3453 quiete,
2271 3364 2441 3430 bene
2471 3372 2541 3431 et

520 3472 593 3536 in
622 3493 782 3558 pace
810 3472 1298 3558 imperpetuum
1322 3469 1404 3534 de
1427 3469 1824 3556 capitalibus
1844 3468 2132 3534 dominis
2152 3467 2334 3533 feodi
2355 3469 2538 3533 illius

521 3597 639 3662 por
668 3575 947 3640 servicia
976 3575 1070 3638 eis
1099 3573 1254 3638 inde
1286 3573 1512 3638 debita
1541 3576 1611 3638 et
1646 3573 1728 3638 de
1757 3573 1904 3637 iure
1933 3577 2262 3638 consueta.
2353 3571 2441 3639 Et
2483 3573 2542 3637 si

520 3679 883 3764 contingat,
912 3677 1089 3763 quod
1133 3677 1294 3742 dicti
1327 3676 1705 3762 Stephanus
1751 3680 1820 3742 et
1852 3675 2172 3752 Dionisia,
2204 3697 2373 3741 uxor
2403 3695 2541 3752 sua,

518 3783 663 3848 sine
692 3780 1047 3846 heredibus
1077 3779 1161 3846 de
1189 3780 1571 3866 corporibus
1601 3779 1739 3844 suis
1760 3780 1939 3844 inter
1957 3778 2220 3845 eosdem
2242 3778 2540 3865 legitime

519 3886 877 3971 procreatis
936 3884 1224 3950 obierint
1282 3883 1487 3968 (quod
1538 3883 1714 3948 absit
1725 3887 1799 3965 ³),
1858 3887 2021 3949 tunc
2072 3904 2192 3948 nos
2257 3882 2539 3969 predicti

519 3987 849 4055 Iohannes
892 3987 1164 4053 Paniter
1207 3994 1276 4052 et
1326 3987 1575 4070 Symon
1618 3987 1760 4072 Iay,
1813 3984 2178 4072 capellani,
2221 3985 2530 4051 volumus

517 4100 589 4160 et
614 4092 1047 4168 concedimus,
1077 4090 1252 4176 quod
1298 4088 1671 4176 predictum
1718 4093 2172 4155 tenementum
2204 4110 2353 4154 cum
2384 4110 2534 4157 cur-

518 4198 570 4262 ti
580 4196 754 4283 lagio
772 4199 841 4260 et
858 4193 1164 4259 omnibus
1181 4194 1320 4258 suis
1337 4192 1763 4278 pertinenciis
1784 4196 2163 4258 revertatur
2178 4191 2532 4257 heredibus

516 4305 587 4365 et
635 4299 986 4384 assignatis
1044 4297 1323 4384 predicti
1379 4296 1704 4382 Stephani
1755 4301 1823 4362 et
1882 4299 2238 4373 remaneat,
2288 4297 2528 4382 imper-

515 4406 811 4489 petuum,
830 4401 912 4467 de
928 4400 1320 4487 capitalibus
1338 4399 1621 4464 dominis
1640 4399 1820 4464 feodi
1842 4399 2025 4464 illius
2043 4421 2159 4486 per
2175 4399 2526 4464 servicium

512 4505 671 4571 inde
714 4503 1015 4570 debitum
1059 4508 1128 4569 et
1170 4503 1253 4569 de
1294 4503 1439 4568 iure
1482 4507 1887 4569 consuetum.
1977 4503 2067 4568 Et
2118 4524 2238 4567 nos
2280 4501 2529 4590 prefati

516 4608 847 4676 Iohannes
884 4613 953 4673 et
983 4606 1231 4688 Simon,
1265 4606 1627 4693 Capellani,
1659 4607 2030 4694 predictum
2075 4610 2530 4672 tenementum

514 4733 665 4779 cum
695 4709 1046 4798 curtilagio
1089 4715 1159 4776 et
1201 4709 1509 4775 omnibus
1552 4710 1689 4775 suis
1733 4710 2162 4797 pertinenciis
2193 4708 2530 4796 Stephano

513 4821 587 4882 et
627 4813 942 4976 Digpisie,
986 4813 1177 4878 uxori
1218 4833 1359 4890 sue,
1389 4817 1459 4878 et
1509 4811 1863 4878 heredibus
1911 4813 2091 4880 inter
2141 4813 2400 4880 eosdem
2448 4814 2529 4880 de

814 4923 863 4974 B
