3731 6032
1436 973 1561 1038 547

482 1143 553 1204 et
576 1137 887 1221 Magistri
899 1137 1217 1204 Iohannis
1242 1137 1705 1223 Skeffyngton,
1722 1136 2192 1203 arbitratorum
2211 1157 2289 1202 ex
2308 1139 2498 1222 parte

483 1241 798 1308 Iohannis
830 1240 1282 1319 Cheltenham,
1314 1242 1601 1307 Abbatis
1630 1241 1714 1306 de
1744 1240 2292 1328 Wynchecombe,
2333 1239 2498 1305 elec·

480 1353 718 1422 torum,
766 1366 885 1410 seu
928 1346 1206 1412 alicuius
1256 1346 1532 1412 alterius
1582 1345 2056 1411 arbitratorum
2110 1345 2182 1409 in
2231 1343 2494 1410 defectu

481 1449 919 1532 cuiuscunque
949 1448 1391 1535 predictorum
1420 1450 1921 1526 arbitraturum,
1964 1470 2082 1535 per
2124 1448 2496 1534 predictum

481 1550 813 1618 Abbatem
842 1553 1131 1638 eligendi
1160 1574 1275 1618 seu
1320 1552 1791 1639 eligendorum,
1839 1551 1922 1618 de
1967 1553 2363 1618 omnimodis
2391 1573 2498 1618 ac-

479 1655 796 1733 cionibus,
811 1655 1095 1739 querelis
1114 1661 1183 1722 et
1206 1655 1552 1720 domandis
1574 1658 1753 1720 inter
1774 1655 2103 1742 predictos
2133 1654 2494 1720 Iohannem

480 1759 814 1824 Abbatem
839 1759 919 1824 de
950 1758 1476 1844 Wynchecombe
1507 1764 1576 1823 et
1599 1759 2050 1836 Benedictam,
2072 1758 2498 1824 Abbatissam

481 1862 563 1928 de
588 1861 1021 1928 Pollesworth
1052 1862 1324 1936 habitis,
1354 1865 1571 1938 motis,
1602 1883 1719 1926 seu
1744 1863 2101 1927 contractis
2130 1860 2216 1926 ab
2244 1861 2496 1947 origine

485 1965 715 2030 mundi
736 1987 940 2051 usque
962 1966 1034 2030 in
1052 1966 1221 2031 diem
1244 1964 1669 2032 confectionis
1686 1967 2301 2051 presencium—ita,
2321 1965 2499 2049 quod

484 2069 766 2154 predicti
822 2070 1252 2135 arbitratores
1311 2069 1643 2146 iudicium,
1702 2068 2051 2133 arbitrium
2115 2073 2184 2133 et
2235 2068 2495 2133 ordina-

482 2174 737 2238 cionem
790 2195 976 2238 suam
1036 2173 1288 2239 faciant
1345 2176 1517 2238 citra
1561 2172 1809 2237 festum
1867 2173 2096 2238 Sancti
2149 2171 2497 2238 Michaelis

486 2275 899 2362 Archangeli,
920 2278 1215 2363 proximo
1239 2276 1538 2340 futurum
1558 2281 1711 2362 post
1733 2275 1958 2340 datam
1980 2274 2161 2340 infra
2181 2278 2495 2361 scriptam

485 2380 680 2444 ·—-vel
709 2379 967 2458 iudicio,
1000 2380 1260 2445 decreto
1304 2386 1372 2444 et
1410 2379 1812 2445 ordinacioni
1855 2379 2050 2444 unius
2079 2379 2351 2465 imparis
2381 2401 2498 2466 per

486 2483 812 2568 predictos
857 2489 1138 2567 quatuor
1181 2483 1608 2548 arbitr-atores
1659 2483 1967 2569 eligendi,
2011 2485 2085 2547 in
2127 2504 2280 2548 casu
2320 2483 2498 2566 quod

484 2586 760 2674 predicti
810 2587 1239 2652 arbitratores
1290 2609 1483 2672 super
1530 2587 1865 2673 premissis
1913 2586 2305 2653 concordare
2362 2608 2498 2651 non

486 2692 989 2777 poterint—ita,
1045 2690 1217 2775 quod
1278 2689 1608 2766 iudicium,
1659 2690 1995 2756 decretum
2048 2697 2116 2756 et
2163 2690 2498 2756 ordinacio

484 2793 647 2859 dicti
678 2793 949 2880 imparis
978 2815 1175 2880 super
1202 2794 1537 2880 premissis
1566 2794 1734 2859 fiant
1778 2793 1944 2860 citra
1986 2793 2226 2858 festum
2269 2795 2495 2860 Sancti

480 2897 758 2962 Martini
788 2897 861 2962 in
890 2897 1099 2963 Yeme
1144 2902 1385 2963 extunc
1428 2898 1722 2984 proximo
1766 2898 2308 2984 sequens—quod
2339 2903 2499 2966 tunc

482 3022 745 3087 presens
802 3003 1121 3087 scriptum
1181 3000 1646 3089 obligatorium
1707 3024 1827 3087 pro
1900 3001 2084 3068 nullo
2155 3000 2496 3080 habeatur,

483 3104 773 3189 alioquin
802 3107 879 3169 in
906 3127 1025 3172 suo
1052 3104 1284 3172 robore
1320 3110 1711 3191 perseveret.

496 3406 583 3473 Ut
612 3406 943 3473 dominus
970 3402 1195 3470 Abbas
1234 3400 1721 3487 Wynclaecombe
1764 3402 1980 3488 possit
2021 3402 2256 3469 habere
2281 3403 2499 3471 altaro
2524 3420 2719 3473 DxxL

1308 3505 1660 3593 portabile.

2523 3510 2593 3561 fo.
2619 3512 2730 3562 484.

572 3637 924 3714 Martinus,
969 3636 1348 3724 Episcopus,
1391 3657 1623 3701 servus
1668 3656 2008 3701 servorum
2067 3635 2210 3713 Dei,
2261 3635 2500 3702 dilecto
2526 3644 2589 3690 20
2613 3642 2928 3701 Dec-‚1⁴26-

2526 3707 2662 3770 Pope
2670 3708 2857 3757 Max-tin
2867 3708 2934 3759 V.

484 3742 641 3821 filio,
690 3741 973 3808 Iohanni
1015 3740 1265 3806 Abbati
1298 3739 1699 3851 'Monasterii
1748 3740 2292 3829 Wynchecombe,
2337 3740 2500 3826 Wy-
2525 3787 2664 3833 upon
2686 3772 2778 3821 the
2801 3772 2925 3835 perti.

484 3846 936 3933 gorneniensis
965 3845 1329 3921 DioceseoS,
1360 3842 1662 3910 Salutem
1708 3850 1777 3910 et
1820 3844 2262 3928 Apostolicam
2293 3844 2499 3911 Bene·
2525 3838 2635 3886 *⁹⁵⁰⁰
2675 3837 2731 3888 of
2756 3837 2928 3886 Abbat

2527 3901 2666 3951 John
2691 3902 2925 3953 Chelten-

484 3952 866 4017 diccionem.
940 3948 1210 4014 Sincere
1234 3948 1609 4014 devocionis
1630 3946 1924 4025 affectus,
1953 3970 2150 4034 quem
2168 3949 2254 4014 ad
2283 3970 2402 4015 nos
2433 3954 2502 4015 et
2527 3966 2664 4024 ham,

2752 3982 2874 4030 gran
2903 3982 2934 4013 s

2526 4031 2634 4081 him
2647 4046 2679 4080 a
2692 4032 2930 4081 Portsblo

486 4054 850 4119 Romanam
900 4054 1075 4139 geris
1127 4050 1501 4128 Ecclesiam,
1553 4072 1689 4117 non
1742 4052 2016 4139 indigne
2069 4057 2374 4130 meretur,
2421 4057 2502 4119 ut
2527 4098 2690 4148 Altar.

483 4156 921 4243 peticionibus
973 4156 1128 4233 tuis,
1170 4154 1321 4233 illis,
1368 4156 1738 4242 presertim,
1783 4177 1948 4242 quas
1994 4178 2078 4221 ex
2125 4156 2500 4223 devocionis

481 4260 743 4326 fervore
769 4258 1032 4345 prodire
1075 4258 1527 4345 conspicimus,
1558 4263 1883 4344 quantum
1926 4280 2074 4325 cum
2105 4257 2246 4325 Deo
2273 4282 2500 4346 possu-

485 4385 647 4440 mus,
675 4361 1135 4427 favorabiliter
1162 4382 1547 4427 annuamus
1638 4362 1819 4427 Hinc
1862 4368 1980 4439 est,
2011 4362 2186 4447 quod
2217 4384 2335 4428 nos
2366 4366 2501 4429 tuis

482 4467 741 4533 devotis
770 4464 1363 4551 supplicacionibus
1394 4465 1715 4543 inclinati,
1746 4471 1824 4530 ut
1853 4466 2050 4532 liceat
2093 4465 2220 4531 tibi
2261 4466 2502 4533 habere

480 4572 713 4637 Altare
736 4568 1067 4635 Portabile
1098 4590 1246 4635 cum
1266 4569 1492 4634 debita
1519 4571 1897 4636 reverencia
1925 4576 1994 4635 et
2022 4570 2284 4649 honore,
2306 4592 2504 4658 super

480 4696 611 4761 quo
654 4675 727 4738 in
770 4672 929 4740 locis
973 4671 1058 4737 ad
1102 4673 1227 4739 hoc
1268 4673 1782 4759 congruentibus
1830 4679 1900 4739 et
1946 4674 2260 4751 honestis,
2289 4677 2497 4761 possis

480 4801 596 4865 per
624 4783 693 4844 te
734 4776 842 4843 vel
885 4776 1091 4841 alium
1135 4776 1537 4843 sacerdotem
1566 4777 1900 4863 ydoneum
1943 4780 2230 4858 missam,
2259 4783 2329 4845 et
2367 4779 2499 4845 alia

474 4882 709 4947 divina
765 4880 995 5008 officia,
1044 4880 1189 4946 sine
1235 4881 1397 4946 iuris
1445 4881 1645 4947 alieni
1700 4880 2081 4968 preiudicio,
2133 4884 2204 4948 in
2257 4889 2377 4949 tua
2428 4890 2498 4949 et

683 4977 727 5045 3
752 4992 811 5043 x
