3731 6032
1511 980 1546 1041 7

523 1129 757 1199 Litera
819 1134 1329 1202 Testimonialis
1387 1135 1662 1202 domini
1716 1136 1762 1201 I
1759 1136 2055 1204 ohannis
2109 1137 2535 1206 eholtinkam

1100 1236 1384 1306 Abbatio
1439 1238 1954 1326 Wynchecombe.

610 1414 960 1482 Universis
994 1417 1245 1484 Christi
1275 1418 1601 1498 fidelibus,
1623 1418 1708 1483 ad
1739 1440 2019 1502 quorum
2049 1420 2361 1489 noticiam
2391 1444 2533 1508 pre·
2565 1446 2627 1493 19
2660 1445 2777 1496 Jan.
2814 1445 2959 1495 1422.

522 1524 740 1585 sentes
771 1520 961 1586 litere
991 1522 1434 1608 pervenerint,
1464 1521 1654 1587 Prior
1698 1521 1989 1587 Ecclesie
2022 1522 2367 1609 Regularis
2395 1526 2535 1590 sive

2562 1510 2671 1559 'Phe
2692 1509 2836 1559 Prior
2859 1508 2961 1559 and

2565 1574 2967 1639 Chapter-‚under

524 1620 1002 1689 Conventualis
1079 1624 1462 1691 Monasterii
1523 1625 1604 1690 de
1663 1624 2207 1710 Wynchecombe,
2266 1626 2535 1693 Ordinis
2561 1640 2696 1689 their
2727 1638 2829 1689 aad
2860 1640 2965 1689 and

521 1724 748 1792 Sancti
795 1728 1154 1807 Benedicti,
1190 1727 1689 1815 Wygorniensis
1737 1726 2102 1805 Dioceseos,
2134 1734 2202 1794 et
2245 1730 2533 1795 eiusdem

2562 1705 2743 1769 signet,
2850 1704 2964 1767 give

2561 1770 2699 1819 John
2734 1768 2962 1819 Cheltin-

519 1828 642 1896 loci
719 1829 1017 1917 Capituli
1076 1832 1218 1897 sive
1295 1832 1677 1897 Conventus
1748 1830 2033 1897 salutem
2104 1833 2177 1896 in
2250 1832 2535 1899 Domino
2562 1835 2699 1890 ham,
2752 1833 2878 1883 ΗΜ
2932 1849 2964 1883 ⁸

2562 1898 2734 1957 monh,
2826 1897 2965 1949 their

517 1932 1003 2018 sempiternam.
1094 1933 1272 2013 Quia
1300 1934 1485 2019 pium
1517 1937 1586 1998 et
1616 1934 1929 2002 meritum
1955 1937 2056 1998 est
2080 1935 2533 1999 testimonium
2561 1962 2904 2017 Testimonial.

518 2035 857 2132 perhibere
923 2037 1211 2112 veritati,
1277 2037 1702 2101 universitati
1774 2047 1991 2101 vestre
2051 2036 2535 2113 innotescimus,

520 2138 929 2218 intimamus,
981 2141 1446 2227 significamus,
1495 2144 1565 2204 et
1607 2159 1725 2222 per
1777 2144 2075 2205 tenorem
2122 2141 2531 2225 presencium

519 2238 918 2320 deducimus,
990 2244 1168 2329 quod
1256 2243 1626 2325 Religiosus
1703 2242 1846 2319 Vir,
1922 2242 2130 2307 frater
2205 2242 2535 2309 Iohannes

522 2341 968 2423 Gheltinham,
1012 2348 1221 2411 nostri
1273 2346 1654 2411 Monasterii
1698 2345 2223 2422 commonachus,
2270 2351 2339 2411 et
2382 2368 2532 2411 con-

522 2448 748 2525 frater,
777 2450 944 2515 liber
976 2455 1044 2516 et
1073 2451 1410 2537 legitimus
1442 2450 1687 2525 existit,
1717 2470 1794 2515 ac
1839 2450 1920 2513 de
1966 2449 2262 2535 legitimo
2308 2452 2531 2515 matri-

518 2556 742 2619 monio
815 2559 1210 2639 procreatus
1284 2553 1733 2638 ordinemque
1827 2553 2219 2638 Regularem
2309 2554 2531 2620 Sancti

519 2655 862 2722 Benedicti
937 2658 1010 2721 in
1097 2656 1359 2743 prefato
1447 2662 1671 2722 nostro
1755 2656 2162 2721 Monasterio
2236 2678 2533 2742 expresse

517 2758 866 2845 professus
941 2781 1160 2825 coram
1248 2760 1416 2827 bone
1505 2760 1816 2824 memorie
1902 2758 2112 2825 fratre
2200 2758 2532 2825 Willelmo
2561 2789 2943 2843 HisProfoesion

519 2862 828 2948 Bradley,
902 2868 1062 2928 tunc
1135 2863 1298 2930 dicti
1373 2864 1757 2929 Monasterii
1840 2863 2105 2928 Abbate
2179 2862 2530 2947 recipiente

518 2962 988 3049 professionem
1049 2961 1342 3029 eiusdem
1415 2964 1487 3028 in
1559 2961 1750 3029 ffesto
1811 2961 2267 3049 conceptionis
2328 2961 2531 3028 Beate

523 3064 730 3132 Marie
777 3066 1094 3151 Virginis,
1141 3088 1318 3132 anno
1359 3065 1627 3132 Domini
1685 3065 2035 3132 millesimo
2087 3073 2265 3132 cccc¹¹¹
2346 3086 2539 3148 none,
2565 3097 2766 3148 Orders.

520 3190 596 3236 ac
633 3169 1108 3255 subsequenter
1151 3170 1238 3234 ad
1280 3168 1786 3244 subdecanatuS,
1816 3169 2200 3234 diaconatus
2247 3175 2315 3233 et
2359 3191 2535 3254 pres-

520 3271 843 3338 biteratus
901 3294 1118 3338 sacros
1182 3273 1465 3348 ordines,
1521 3272 1794 3337 servatis
1862 3271 2108 3336 debitis
2168 3281 2535 3358 temporum

521 3376 926 3456 intersticiiS,
969 3378 1098 3441 rite
1141 3381 1502 3463 promotuS,
1543 3375 1850 3440 canonice
1910 3376 1983 3439 in
2035 3376 2419 3440 ministeriis
2470 3382 2539 3440 et

521 3479 592 3545 in
652 3477 879 3545 officiis
939 3477 1211 3546 cuilibet
1279 3479 1495 3544 ordini
1555 3477 1850 3564 predicto
1902 3483 2355 3562 congruenter,
2408 3477 2541 3543 fre-

523 3583 820 3664 quenter,
909 3579 980 3642 in
1070 3577 1287 3644 Choro
1375 3576 1538 3643 dicti
1627 3576 2035 3654 Monasterii,
2122 3565 2383 3662 publice
2471 3582 2541 3643 et

523 3681 968 3765 solempniter,
1027 3681 1459 3759 ministravit,
1519 3685 1588 3746 et
1645 3680 1877 3744 divina
1945 3679 2139 3745 dictis
2198 3678 2540 3744 ordinibus

521 3785 1003 3861 conveniencia,
1045 3784 1278 3848 missas
1321 3791 1390 3848 et
1441 3783 1573 3848 alia
1621 3781 1834 3848 officia
1880 3782 1966 3847 ad
2020 3782 2238 3848 Maius
2284 3783 2539 3861 Altare,

523 3908 794 3966 necnon,
851 3886 937 3952 ad
992 3887 1253 3952 Altaria
1302 3886 1565 3951 diversa
1617 3885 1903 3950 Ecclesie
1954 3895 2178 3950 nostre
2225 3886 2539 3972 predicta,

525 3991 745 4078 palam
798 3995 867 4056 et
917 3989 1178 4076 publice
1230 3989 1590 4054 celebravit
1643 3995 1709 4053 et
1770 3989 2062 4054 exercuit
2113 3988 2537 4054 laudabiliter

523 4101 593 4161 et
647 4093 944 4172 honeste,
1002 4096 1202 4179 prout
1250 4091 1488 4166 decuit,
1539 4094 1837 4177 beneque
1890 4091 2077 4156 'fame
2134 4113 2209 4158 ac
2267 4113 2535 4157 conver·

523 4197 801 4264 sacionis
852 4197 1147 4274 honeste,
1193 4217 1290 4273 ac,
1341 4195 1564 4274 etiam,
1613 4194 1796 4259 illese
1849 4194 2182 4280 opinionis
2233 4196 2538 4272 existens,

521 4301 888 4388 regularem
923 4301 1132 4364 vitam
1173 4304 1242 4365 et
1282 4298 1646 4364 modestam
1691 4319 1733 4363 a
1775 4303 2072 4384 tempore
2112 4297 2537 4384 professionis

524 4423 640 4469 sue
683 4403 896 4480 huiuS,
926 4407 994 4469 et
1038 4407 1206 4488 post,
1242 4401 1570 4478 continue,
1614 4405 1813 4485 prout
1856 4400 2204 4487 fragilitati
2248 4400 2535 4466 humane

520 4507 702 4573 nosci
731 4507 1167 4593 permittitur,
1189 4505 1362 4570 inter
1389 4525 1527 4582 nos,
1553 4504 1624 4568 in
1655 4503 1832 4570 dicto
1861 4509 2083 4570 nostro
2115 4503 2535 4583 Monasteri0‚

523 4615 593 4676 et
620 4603 694 4675 in
733 4610 950 4675 studio
993 4607 1471 4674 Universitatis
1518 4606 1783 4684 Oxonii,
1815 4608 2021 4672 vitam
2068 4607 2267 4673 duxit
2309 4606 2533 4673 lauda·
2564 4627 2761 4679 oxford
2788 4627 2963 4691 ntudy.

523 4711 725 4778 bilem
755 4717 828 4779 et
852 4712 1215 4777 honestam.
1276 4710 1360 4774 In
1390 4730 1668 4794 quorum
1699 4711 1994 4775 omnium
2026 4713 2096 4776 et
2122 4708 2533 4796 singulorum

525 4816 994 4894 testimonium,
1054 4813 1346 4902 sigillum
1405 4818 1704 4879 nostrum
1765 4834 2128 4892 commune,
2193 4833 2324 4877 una
2381 4834 2531 4878 cum
