3731 6032
1445 999 1571 1063 395

503 1167 635 1231 mei
665 1167 852 1231 iuxta
897 1164 1351 1252 Capuneslone
1395 1169 1463 1230 et
1492 1165 1663 1231 iacet
1691 1164 1860 1229 illud
1900 1163 2308 1249 mesuagium
2339 1164 2514 1228 inter
2537 1173 2763 1234 father’a
2809 1177 2893 1226 be-

501 1291 743 1345 aream,
772 1292 899 1355 que
929 1270 1259 1354 quondam
1290 1269 1427 1333 fuit
1455 1267 1727 1334 Roberti
1758 1267 1997 1354 Capun
2026 1289 2104 1333 ex
2145 1287 2279 1332 una
2307 1272 2513 1352 parte,
2537 1243 2934 1369 {taz-{³⁰:2⁶5

503 1377 574 1439 et
600 1395 838 1449 aream,
855 1394 981 1457 que
1010 1373 1341 1459 quondam
1372 1373 1501 1437 fuit
1529 1372 1847 1437 Iohannis
1876 1371 2156 1436 Burdun
2179 1393 2264 1435 ex
2285 1371 2512 1446 altera,
2537 1371 2674 1420 John
2684 1373 2942 1423 nun-duna

504 1499 637 1542 una
659 1498 808 1543 cum
832 1477 1125 1562 gardino,
1142 1477 1490 1562 curtilagio
1507 1498 1583 1542 ac
1602 1476 1912 1558 virgultis
1930 1480 2001 1540 et
2028 1474 2334 1540 omnibus
2357 1475 2506 1540 aliis
2537 1451 2691 1486 ‘m

504 1581 929 1666 pertinenciis
948 1585 1017 1644 et
1046 1578 1601 1664 provenientibus
1623 1600 1749 1664 que
1773 1584 1925 1665 post
1942 1577 2276 1643 decessum
2299 1581 2508 1665 patris

506 1685 636 1750 mei
666 1685 809 1749 iure
838 1683 1235 1748 hereditario
1264 1705 1369 1747 me
1392 1683 1807 1768 contingunt,
1826 1682 1932 1746 vel
1957 1681 2038 1746 de
2061 1686 2275 1747 cetero
2293 1683 2516 1768 aliqua

505 1788 839 1854 occasione
868 1788 1248 1872 contingere
1278 1791 1595 1873 poterunt
1626 1786 1789 1850 mihi
1821 1785 1927 1849 vel
1958 1787 2118 1850 meis
2164 1786 2514 1851 heredibus

504 1913 639 1968 seu,
656 1893 879 1968 eciam,
905 1892 1397 1961 successoribus,
1419 1890 1803 1955 Tenendum
1824 1895 1895 1955 et
1923 1890 2296 1955 habendum
2321 1891 2517 1956 dictis

506 1995 756 2061 Abbati
802 2001 871 2060 et
926 1995 1296 2060 conventui
1344 2006 1411 2060 et
1461 2016 1687 2060 eorum
1736 1995 2208 2060 successoribus
2263 1995 2396 2059 Deo
2444 2001 2513 2061 et

505 2101 709 2166 Beate
732 2100 938 2164 Marie
962 2104 1030 2163 et
1053 2098 1259 2163 Beato
1286 2098 1567 2182 Martyri
1588 2097 1910 2162 Kenelmo
1935 2099 2005 2161 in
2029 2097 2206 2163 dicta
2227 2098 2516 2164 Ecclesia

504 2201 947 2270 servientibus
978 2207 1046 2266 et
1076 2202 1419 2266 servituris
1448 2201 1670 2278 libere,
1693 2203 1932 2286 quiete,
1959 2202 2122 2266 bene
2153 2207 2222 2266 et
2252 2202 2320 2266 in
2352 2223 2510 2288 pace

504 2307 753 2393 absque
798 2306 977 2371 omni
1022 2305 1255 2369 clamio
1300 2305 1404 2369 vel
1446 2304 1823 2390 calumpnia
1869 2307 1997 2369 mei
2045 2305 2151 2369 vel
2195 2305 2512 2370 heredum

506 2433 801 2476 meorum
831 2409 935 2474 vel
968 2429 1409 2474 successorum
1441 2431 1754 2483 meorum,
1784 2410 2297 2494 imperpetuum.
2383 2409 2514 2474 Pro

502 2513 644 2589 hae,
672 2518 917 2588 autem,
949 2512 1307 2577 donacione
1352 2517 1423 2576 et
1466 2513 1878 2577 concessione
1923 2511 2109 2576 dedit
2153 2513 2317 2576 mihi
2348 2512 2510 2578 dicti

504 2616 729 2682 Abbas
789 2627 857 2681 et
930 2615 1313 2682 Conventus
1375 2614 1914 2701 Wynchecumbe
1973 2616 2212 2701 viginti
2271 2617 2512 2682 solidos
2545 2644 2946 2708 Considemtion,

504 2721 970 2806 sterlingorum
1001 2722 1068 2783 in
1101 2741 1259 2783 usus
1282 2740 1459 2783 meos
1481 2719 1978 2784 convertendos.
2071 2721 2160 2782 Et
2183 2721 2340 2804 quia
2364 2720 2514 2786 volo
2545 2712 2646 2761 ²⁰⁸·

503 2823 681 2910 quod
710 2823 831 2888 hec
860 2844 1008 2887 mea
1048 2823 1322 2888 donacio
1367 2827 1435 2887 et
1486 2823 1812 2888 concessio
1858 2829 1928 2886 et
1975 2825 2294 2908 presentis
2337 2829 2516 2889 carte

462 2989 467 2998 .
506 2949 647 2992 mee
700 2927 1117 2993 confirmacio
1176 2933 1323 2991 rata
1372 2933 1440 2991 et
1499 2926 1755 2991 stabilis
1814 2925 2066 2991 futuris
2113 2927 2515 3012 temporibus

504 3038 905 3117 permaneat,
928 3033 1435 3118 imperpetuum,
1465 3037 1835 3118 presentem
1867 3036 2116 3097 cartam
2148 3031 2353 3117 sigilli
2387 3034 2516 3097 mei

508 3137 873 3201 munimine
916 3134 1234 3199 roboravi.
1349 3135 1499 3199 Hiis
1544 3133 1823 3200 testibus
1850 3157 1865 3213 ;
1923 3133 2253 3199 Willelmo
2300 3135 2518 3222 Keys3

505 3240 795 3305 Henrico
814 3239 988 3303 Addi
1014 3262 1031 3314 3
1080 3239 1372 3303 Iohanne
1404 3239 1465 3303 le
1498 3237 1863 3317 Chaluner3
1904 3236 2237 3303 Willelmo
2261 3239 2520 3321 Morin3

504 3343 798 3409 Waltero
832 3343 1017 3428 Keys
1048 3366 1063 3421 ;
1110 3343 1377 3407 Andrea
1408 3342 1469 3406 le
1500 3342 1725 3428 Meger
1749 3366 1765 3422 ;
1808 3343 2064 3419 clerico,
2093 3345 2161 3407 et
2189 3343 2362 3407 aliis.

1328 3628 1686 3695 Mutato-ete.
2543 3646 2839 3698 cchxn.

590 3767 820 3833 Sciant
865 3771 1197 3851 presentes
1255 3771 1324 3832 et
1374 3766 1608 3843 futuri,
1654 3766 1833 3852 quod
1887 3788 2005 3852 ego
2051 3765 2285 3844 Adam,
2337 3766 2514 3832 filius
2541 3777 2885 3831 About1270.

503 3870 816 3936 Willelmi
862 3870 1170 3955 Curteys,
1216 3869 1297 3935 de
1329 3869 1871 3955 Wynehecumba
1914 3870 2090 3945 dedi,
2121 3871 2408 3936 concessi
2446 3875 2515 3936 et
2541 3842 2950 3973 fflffbffray‘f

500 3975 625 4040 hac
681 3974 970 4061 presenti
1045 3978 1229 4039 carta
1293 3974 1676 4039 confirmavi
1725 3974 1869 4038 Ade
1929 3972 2143 4040 Coket
2185 3972 2512 4059 quoddam
2538 3947 2942 4037 grant-tomam}

502 4077 913 4164 mesuagium
946 4098 1093 4142 eum
1125 4076 1471 4159 curtilagio
1503 4082 1570 4140 et
1600 4075 1735 4139 suis
1781 4076 2089 4141 omnibus
2133 4078 2281 4141 aliis
2311 4077 2512 4162 perti-
2539 4037 2728 4153 Ξοξῖξιι
2741 4054 2940 4167 ἓξὲξ,

500 4182 753 4247 nenciis
797 4182 869 4246 in
900 4180 1063 4245 villa
1090 4180 1171 4246 de
1204 4177 1763 4265 Wynchecumba,
1792 4180 1861 4244 in
1896 4180 2060 4256 vico,
2090 4180 2205 4263 qui
2237 4185 2513 4246 vocatur
2540 4173 2757 4285 ἓξὲξ.
2778 4171 2946 4233 Roget·

504 4284 845 4362 Milstrete,
908 4284 1084 4370 quod
1142 4285 1313 4349 iacet
1379 4284 1566 4348 iuxta
1628 4287 1893 4359 terram,
1956 4304 2156 4369 quam
2219 4284 2513 4371 Rogerus

500 4388 855 4454 Fraunceis
896 4389 1135 4465 tenuit,
1180 4387 1581 4453 Habendum
1634 4394 1703 4451 et
1753 4387 2116 4453 tenendum
2169 4386 2251 4451 de
2295 4408 2402 4452 me
2445 4393 2517 4453 et

500 4490 852 4557 heredibus
874 4492 1036 4555 meis
1060 4490 1185 4556 sibi
1216 4497 1287 4556 et
1314 4490 1669 4556 heredibus
1698 4493 1834 4557 suis
1864 4492 1974 4557 vel
2003 4493 2142 4557 suis
2163 4494 2514 4579 assignatis

501 4593 721 4671 libere,
747 4594 989 4679 quiete,
1007 4594 1174 4659 bene
1204 4600 1273 4659 et
1303 4594 1377 4658 in
1408 4615 1587 4680 pace,
1616 4596 2134 4681 imperpetuum,
2153 4597 2516 4664 Reddendo

502 4696 658 4762 inde
698 4698 1045 4762 annuatim
1091 4697 1259 4761 mihi
1304 4700 1373 4762 et
1424 4696 1777 4763 heredibus
1823 4700 1988 4764 meis
2031 4700 2249 4766 dictus
2302 4701 2513 4768 Adam

502 4798 773 4865 heredes
818 4799 927 4864 vel
971 4801 1289 4884 assignati
1332 4800 1437 4865 sui
1474 4822 1678 4866 unum
1715 4802 2118 4867 Cariofillum
2150 4804 2258 4869 die
2289 4804 2513 4872 Sancti

500 4903 809 5063 ΚουθΙὲῑὲί
831 4924 951 4989 pro
974 4904 1279 4968 omnibus
1301 4904 1595 4969 serviciis
1619 4904 2037 4983 secularibus„
2059 4908 2514 4974 exaccionibus

796 5012 841 5065 C
