3731 6032
1403 959 1530 1023 533

656 1120 866 1188 Carta
899 1122 1176 1191 Roberti
1205 1125 1284 1191 do
1314 1124 1518 1191 Bosco
1549 1124 1630 1190 de
1659 1129 1719 1190 A
1733 1123 1844 1190 lna
1888 1124 1969 1192 de
1998 1124 2298 1192 Bosacre.
2498 1135 2613 1187 ΒΧ.

546 1255 776 1323 Sciant
827 1267 1160 1346 presentes
1214 1265 1284 1327 et
1335 1260 1574 1336 futuri,
1619 1261 1795 1346 quod
1848 1284 1971 1349 ego
2017 1262 2345 1328 Robertus
2391 1263 2472 1327 de
2500 1268 2626 1318 Rob-
2651 1268 2716 1316 de
2746 1267 2903 1316 Boeoo

461 1359 662 1426 Bosoo
693 1364 915 1427 remisi
961 1373 1028 1429 et
1058 1365 1351 1450 quietam
1397 1365 1677 1431 clamavi
1709 1389 1827 1452 pro
1873 1388 1978 1431 me
2010 1371 2078 1431 et
2119 1366 2473 1431 heredibus
2497 1332 2897 1447 ῗῑῗῖῗξῖοοῃ.

451 1466 620 1528 meis
668 1465 805 1531 Deo
851 1473 920 1532 et
961 1467 1245 1534 Eeclesie
1283 1469 1486 1534 Beate
1519 1470 1731 1534 Marie
1784 1474 1853 1534 et
1902 1469 2131 1535 Sancti
2166 1470 2472 1535 Kenelmi
2500 1469 2902 1578 ἶζῗόῃᾛοωΐθ

459 1569 657 1655 Regis
688 1575 757 1634 et
781 1571 1078 1636 Martiris
1110 1573 1191 1636 de
1215 1571 1727 1638 Wincheoumba
1757 1580 1826 1638 et
1856 1572 2195 1638 monachis
2224 1573 2472 1638 ibidem
2785 1563 2799 1587 '

459 1671 601 1737 Deo
630 1675 1074 1740 servientibus
1101 1697 1297 1740 unam
1329 1697 1548 1740 acram
1581 1682 1754 1742 terre
1799 1679 1871 1740 in
1906 1698 2137 1762 campo
2167 1677 2249 1742 de
2279 1677 2475 1754 Alna,

449 1798 585 1861 que
618 1777 786 1842 iacet
811 1779 879 1841 in
913 1779 1208 1854 Bosaore,
1237 1778 1438 1855 illam,
1460 1780 1730 1856 scilieet,
1763 1801 1960 1865 quam
1995 1801 2116 1866 ego
2148 1785 2217 1845 et
2246 1781 2475 1867 prede-

447 1902 736 1946 cessores
783 1883 909 1946 mei
955 1882 1037 1946 de
1082 1883 1275 1947 dietis
1321 1883 1656 1948 monacbis
1704 1885 2059 1960 tenuimuS,
2095 1884 2471 1949 Tenendam

459 1989 528 2047 et
571 1983 940 2049 habendam
995 1985 1241 2050 eisdem
1295 1986 1630 2052 monachis
1678 1987 1885 2052 libere
1939 1994 2008 2052 et
2054 1988 2277 2072 quiete
2330 1988 2473 2053 sine
2498 2001 2567 2050 fo.
2592 2000 2702 2053 472.

453 2089 636 2151 omni
683 2090 1150 2155 reclamacione
1197 2090 1326 2154 mei
1373 2090 1478 2154 vel
1526 2089 1844 2155 heredum
1890 2112 2203 2170 meorum,
2232 2092 2471 2178 imper-

456 2196 752 2276 petuum.
844 2192 970 2257 Pro
1018 2192 1160 2268 hae,
1207 2201 1451 2270 autem,
1505 2215 1649 2258 mea
1700 2195 2079 2259 remissione
2133 2200 2202 2259 et
2247 2195 2473 2279 quieta

447 2293 814 2359 clamancia
858 2295 1184 2361 dederunt
1232 2295 1392 2361 dieti
1439 2297 1742 2362 monachi
1788 2297 1953 2361 mihi
2000 2303 2069 2362 et
2118 2296 2471 2362 heredibus
2496 2315 2576 2365 for
2608 2331 2639 2364 a
2676 2331 2787 2364 new
2820 2331 2897 2392 ap·

456 2398 618 2461 meis
649 2419 850 2462 unam
881 2421 1099 2464 acram
1131 2405 1304 2465 terre
1335 2400 1416 2464 de
1442 2423 1614 2466 novo
1643 2408 1897 2466 assarto
1917 2423 2140 2466 eorum
2163 2403 2233 2465 in
2264 2422 2471 2486 parva
2495 2385 2801 2496 ffibgssss·
2844 2397 2898 2430 ¹¹¹

454 2502 842 2575 Asseburne.
887 2503 1114 2567 eodem
1168 2503 1379 2580 mod0,
1425 2510 1493 2568 et
1541 2505 1766 2568 eadem
1818 2505 2127 2569 libertate
2174 2503 2257 2569 de
2307 2506 2468 2590 ipsis

453 2605 826 2680 tenendam,
875 2629 1007 2692 qua
1059 2629 1181 2692 ego
1234 2613 1303 2672 et
1353 2614 1790 2672 antecessores
1852 2609 1981 2673 mei
2041 2614 2469 2674 memoratam

445 2731 668 2773 acram
696 2711 765 2773 in
793 2711 1066 2776 Bosacre
1096 2712 1176 2776 de
1196 2712 1355 2796 ipsis
1379 2713 1731 2776 tenuimus
1823 2711 1929 2790 Et,
1947 2712 2105 2798 quia
2124 2711 2273 2776 volo
2293 2712 2469 2799 quod

451 2835 600 2877 mea
628 2815 923 2878 remissio
955 2823 1022 2879 et
1053 2816 1279 2900 quieta
1309 2814 1669 2880 elamanoia
1699 2838 1817 2902 pro
1863 2837 1967 2880 me
2015 2821 2083 2880 et
2114 2815 2467 2880 heredibus

452 2919 612 2980 meis
642 2923 1028 3003 perpetuam
1063 2918 1360 3002 optineat
1405 2919 1809 2995 firmitatem,
1841 2941 2107 3005 presens
2148 2921 2467 3006 scriptum

439 3022 649 3107 -sigilli
677 3023 804 3086 mei
839 3025 1204 3090 munimine
1235 3026 1556 3091 roboravi.
1646 3025 1798 3089 Hiis
1824 3026 2148 3101 testibus;
2180 3024 2470 3090 Roberto

447 3124 534 3188 de
581 3124 961 3205 Haseloure,
1036 3128 1287 3204 milite3
1363 3128 1633 3194 Simone
1703 3128 1784 3193 de
1857 3127 2095 3214 Bruyli
2124 3152 2139 3207 ;
2210 3128 2469 3215 Rogero

449 3230 719 3315 Agulun
745 3253 758 3306 ;
788 3230 1089 3307 Ricardo,
1111 3231 1246 3297 filio
1273 3231 1593 3296 Iohannis
1617 3256 1632 3311 3
1664 3230 1949 3295 Ricardo
1983 3231 2065 3295 de
2096 3230 2368 3295 Rueleie
2400 3236 2470 3296 et

449 3331 682 3397 multis
713 3332 879 3398 aliis.

626 3567 834 3634 Carta
865 3567 1140 3636 Roberti
1171 3568 1250 3633 de
1280 3568 1483 3633 Bosco
1515 3590 1640 3655 pro
1669 3570 1955 3635 assanis
1985 3568 2065 3633 de
2096 3568 2289 3635 Alne.
2491 3574 2634 3624 DXI·

534 3706 866 3771 Noverint
897 3728 1123 3771 omnes
1142 3728 1407 3793 presens
1431 3708 1752 3793 seriptum
1784 3708 1994 3772 visuri
2019 3707 2125 3772 vel
2150 3706 2465 3782 audituri,
2490 3703 2719 3819 R0b5t2121
2721 3705 2895 3819 1333oe

441 3810 624 3895 quod
655 3832 778 3897 ego
804 3810 1128 3876 Robertus
1158 3811 1240 3874 de
1262 3810 1469 3875 Bosco
1501 3810 1583 3873 de
1608 3810 1781 3874 Alne
1811 3812 2034 3876 remisi
2066 3817 2135 3876 et
2165 3811 2461 3896 quietum
2488 3784 2895 3885 ἷξῗὲαὼᾏῖᾱῗ

440 3913 730 3979 clamavi
759 3935 879 3998 pro
923 3936 1029 3978 me
1073 3922 1142 3978 et
1183 3913 1535 3977 heredibus
1583 3914 1745 3977 meis
1778 3914 1885 3978 vel
1918 3916 2273 3999 assignatis
2301 3914 2465 3979 meis
2487 3898 2891 4029 {zaffffiiffiffl

437 4016 712 4081 domino
791 4017 1042 4082 Abbati
1102 4022 1170 4081 et
1231 4014 1612 4082 Conventui
1672 4016 2209 4102 Wyneheeumbe
2269 4039 2467 4083 omne
2664 4003 2678 4027 '
2826 4002 2841 4017 ’

439 4121 756 4187 elamium
791 4144 1006 4185 meum
1040 4122 1113 4185 in
1141 4122 1413 4185 assartis
1444 4141 1668 4185 eorum
1702 4120 1918 4196 hetia
1950 4141 2068 4206 pro
2100 4121 2467 4186 voluntati-

447 4225 571 4289 bus
601 4226 755 4299 suis,
785 4225 964 4289 infra
985 4225 1231 4290 limites
1256 4225 1532 4289 manerii
1566 4225 1646 4288 de
1669 4224 1853 4299 Alne,
1880 4246 2085 4310 usque
2108 4224 2194 4288 ad
2216 4223 2465 4289 festum

450 4331 868 4398 Inveneionis
893 4330 1133 4394 Sancte
1155 4328 1378 4394 Crucis
1400 4350 1576 4393 anno
1601 4328 1835 4393 Graeie
1858 4338 1955 4392 m⁰
1970 4340 2068 4394 00⁰
2089 4328 2209 4391 lxx
2229 4329 2464 4414 quinto

443 4439 654 4511 —ita,
685 4433 1011 4508 videlieet,
1042 4431 1216 4517 quod
1247 4454 1369 4517 ego
1400 4439 1472 4496 et
1497 4431 1770 4495 heredes
1815 4432 1947 4495 mei
1994 4431 2100 4495 vel
2141 4432 2463 4517 assignati

447 4542 576 4606 mei
622 4538 962 4603 dominum
1023 4535 1355 4601 Abbatem
1409 4540 1479 4601 et
1539 4534 1953 4600 Conventum
2010 4555 2209 4620 super
2266 4535 2463 4601 dietis

437 4643 715 4710 assai-tis
745 4639 958 4716 factis,
988 4660 1110 4725 pro
1141 4639 1601 4704 voluntatibus
1629 4640 1786 4716 suis,
1814 4639 1997 4704 infra
2022 4639 2269 4704 limites
2299 4638 2462 4704 dieti

447 4747 725 4814 manerii
784 4765 919 4809 non
977 4742 1496 4828 inquietabimus
1556 4742 1663 4807 vel
1720 4742 2278 4829 implacitabimus
2340 4764 2462 4809 nee

442 4849 942 4939 procurabimus
995 4846 1174 4932 quod
1226 4846 1312 4911 ab
1356 4846 1505 4912 aliis
1555 4846 2066 4933 implacitentur.
2159 4846 2284 4913 Pro
2327 4868 2461 4933 qua
