3731 6032
540 1202 1101 1276 Quietaclamancia
1116 1201 1406 1261 Iohannis
1422 1202 1709 1263 Wottone
1724 1202 1800 1261 de
1823 1202 2006 1261 Grete
2024 1221 2043 1275 3
2085 1200 2366 1273 Iohanne,

705 1302 916 1359 matris
941 1318 1068 1369 sue,
1096 1300 1259 1360 facta
1286 1300 1542 1359 Ricardo
1568 1300 1645 1359 de
1672 1300 2064 1378 Tycheborne
2349 1334 2368 1343 -
2453 1298 2728 1359 cccclxiv.

541 1400 631 1458 ΒΘ
656 1417 781 1457 uno
806 1397 1133 1457 ferendcllo
1161 1404 1319 1457 terre
1344 1398 1507 1477 apud
1536 1396 1815 1469 Win3ard
2001 1428 2023 1441 -
2349 1431 2370 1440 -
2452 1396 2702 1457 cccclxv.

541 1498 631 1556 ΒΘ
656 1496 917 1573 quodam
942 1496 1250 1572 mesuagio
1274 1513 1415 1555 cum
1441 1495 1759 1572 curtilagio
1787 1493 2276 1572 Wynchecumbe
2343 1528 2364 1538 -
2446 1495 2720 1554 cccclxvi.

540 1594 633 1653 ΒΘ
658 1612 782 1653 uno
808 1594 1114 1669 mesuagio
1140 1601 1205 1653 et
1231 1612 1355 1651 una
1382 1594 1619 1669 virgata
1647 1602 1805 1652 terre
1832 1593 1897 1651 in
1927 1592 2108 1652 Cotcs
2351 1626 2372 1635 -
2452 1593 2746 1651 cccclxvii.

543 1674 857 1751 Relaxacio
884 1690 1146 1749 Roberto
1170 1690 1247 1749 de
1290 1688 1477 1749 Bosco
1515 1690 1591 1749 de
1634 1689 1812 1750 Gotes
1852 1709 1993 1749 cum
2032 1690 2158 1749 suis
2197 1690 2380 1767 perti·

705 1789 933 1847 nonciis
958 1789 1021 1845 in
1050 1787 1229 1847 Cotes
1309 1822 1327 1833 ·
1656 1820 1677 1831 -
1995 1823 2028 1839 .-
2351 1822 2373 1833 -
2455 1787 2771 1847 cccclxviii.

546 1884 833 1945 Willelmi
860 1885 916 1944 le
944 1885 1141 1943 Solers
1168 1885 1245 1944 <le
1276 1884 1585 1962 Potcslepe
1665 1920 1687 1931 -
2014 1918 2034 1927 -
2359 1921 2379 1930 -
2463 1884 2732 1944 cccclxix.

544 1982 933 2042 Confirmacio
960 1982 1206 2041 Henrici
1224 1982 1675 2060 Wygornicnsis
1700 1982 1976 2061 Episcopi
2005 2000 2186 2061 super
2211 1990 2381 2041 carta

706 2080 923 2157 Rogeri
950 2080 1025 2139 de
1054 2080 1251 2139 Solers
1310 2110 1332 2121 -
2006 2114 2026 2125 -
2350 2114 2370 2123 -
2455 2079 2706 2139 cccclxx.

546 2178 763 2253 Rogeri
790 2178 847 2235 le
876 2178 1073 2236 Solers
1100 2176 1175 2235 de
1204 2176 1447 2255 Capella
1474 2178 1551 2237 de
1577 2178 1886 2255 Poteslepe
2007 2211 2028 2220 -
2353 2211 2374 2219 -
2457 2177 2728 2236 cccclxxi.

543 2274 727 2335 Carta
753 2274 1039 2335 Iohannis
1066 2275 1262 2334 Solers
1290 2294 1400 2353 pro
1428 2294 1551 2335 una
1579 2276 1816 2353 virgata
1838 2283 1998 2334 terre
2029 2275 2368 2352 Poteslepe-
2449 2275 2744 2334 cccclxxii.

546 2373 850 2451 Scriptum
868 2373 1073 2432 Sibille
1090 2372 1166 2431 de
1191 2372 1389 2433 Solet-s
1406 2374 1645 2433 domine
1669 2374 1745 2433 de
1758 2374 2068 2453 Poueslepe
2084 2374 2159 2433 de
2181 2374 2379 2432 tribus

706 2472 859 2530 acris
913 2470 987 2529 de
1042 2488 1203 2529 anno
1256 2472 1321 2530 in
1376 2490 1608 2530 annum
1649 2471 1725 2530 ad
1767 2470 2013 2530 libitum
2061 2472 2125 2529 in
2174 2489 2384 2549 campo

709 2574 921 2627 vocato
953 2572 987 2599 “
1007 2567 1287 2645 Rulynge
1318 2568 1351 2595 ''
1668 2602 1689 2611 -
2015 2602 2036 2611 -
2361 2602 2382 2611 -
2469 2566 2793 2627 cccclxxiii.

546 2665 831 2724 Dimissio
860 2664 1089 2724 Thome
1120 2664 1398 2743 Episcopi
1423 2664 1499 2724 de
1527 2665 1773 2725 decimis
2015 2699 2038 2709 -
2361 2699 2381 2708 -
2468 2665 2778 2725 cccclxxiv.

545 2762 834 2822 Visitacio
862 2763 1092 2822 Thome
1119 2762 1573 2841 Wygorniensis
1601 2764 1880 2842 Episcopi
2024 2796 2046 2805 -
2369 2796 2390 2806 -
2472 2764 2760 2823 cccclxxv.

544 2861 879 2921 ludentum.
906 2862 1068 2919 facta
1102 2862 1265 2919 inter
1290 2860 1621 2923 Iohannem
1651 2861 2056 2921 Cheltenham
2083 2861 2384 2921 Abbatem

706 2967 771 3020 et.
799 2958 1128 3018 Iohannem
1154 2959 1231 3019 de
1257 2959 1319 3018 la
1346 2978 1508 3020 mare
1657 2995 1678 3005 -
2006 2993 2027 3002 -
2353 2995 2374 3005 -
2457 2958 2772 3020 cccclxxvi.

548 3056 845 3116 Iohannes
883 3057 1182 3116 delamare
1218 3057 1295 3116 de
1340 3077 1463 3117 uno
1502 3059 1822 3136 mesuagio,
1869 3058 2106 3117 duabus
2137 3059 2388 3134 virgatis

710 3163 869 3214 terre
894 3156 959 3212 in
987 3155 1046 3212 Ν
1048 3173 1368 3232 oryncome
1668 3189 1689 3198 -
2017 3189 2040 3198 -
2363 3189 2385 3200 ·
2473 3155 2809 3214 cccclxxvii.

548 3251 773 3311 Finalis
813 3252 1126 3311 concordia
1165 3253 1329 3311 inter
1356 3252 1686 3312 Iohannem
1716 3252 1916 3312 Brune
1957 3261 2022 3312 et.
2046 3252 2388 3312 walterum

716 3349 911 3427 Wych
1325 3383 1347 3393 ·
1671 3385 1687 3392 -
2016 3383 2037 3396 ·
2363 3383 2385 3394 ·
2468 3349 2827 3410 cccclxxviii.

548 3447 771 3506 Finalis
812 3447 1125 3506 concordia
1164 3447 1325 3507 inter
1354 3446 1647 3507 Thomam
1688 3447 1749 3506 N
1750 3447 1877 3507 cele
1919 3457 1984 3508 et
2024 3449 2386 3526 Margeriam

710 3544 945 3604 Broune
973 3565 1081 3623 pro
1110 3545 1336 3623 Eycote
1672 3579 1691 3589 -
2021 3580 2042 3590 -
2366 3583 2387 3592 -
2469 3546 2775 3606 cccclxxix.

546 3643 729 3702 Carta
756 3641 1046 3702 Kaberine
1078 3642 1284 3702 Warre
1314 3661 1423 3721 pro
1452 3644 1714 3703 manerio
1753 3643 1829 3703 de
1860 3644 2090 3722 Eycote
2367 3677 2387 3687 -
2470 3645 2761 3704 cccclxxx.

546 3741 853 3819 Scriptum
880 3741 1170 3800 Katerine
1193 3741 1405 3801 Warre
1433 3761 1542 3820 pro
1570 3743 1837 3802 manerio
1865 3742 1942 3802 de
1973 3743 2200 3821 Eycote
2361 3777 2382 3786 -
2466 3742 2773 3803 cccclxxxi.

548 3838 777 3897 Seisina
802 3857 913 3916 pro
940 3840 1205 3897 manerio
1231 3839 1307 3898 de
1341 3839 1569 3918 Eycote
1676 3873 1697 3883 -
2368 3877 2389 3886 -
2473 3840 2805 3900 cccclxxxii.

548 3935 853 4012 Scriptum
880 3935 1167 3996 Iohannis
1196 3937 1434 4014 Pouger
1458 3955 1567 4014 pro
1594 3939 1858 3998 manerio
1886 3937 1963 3997 de
1991 3875 2218 4017 Eycote
2361 3972 2382 3981 -
2465 3939 2822 3997 cccclxxxiii.

548 4032 905 4109 Recognicio
930 4033 1178 4093 Roberti
1206 4033 1465 4094 Andrew
1492 4035 1656 4095 facta
1696 4035 1955 4095 Iohanni
1987 4035 2386 4096 Cheltenham

713 4129 789 4189 de
817 4131 1045 4208 Eycote
1320 4163 1342 4176 ·
1667 4167 1687 4176 -
2014 4167 2035 4176 -
2358 4171 2379 4180 -
2466 4135 2813 4194 cccclxxxiv.

550 4229 770 4303 Quieta
795 4229 1123 4288 clamancia
1148 4229 1391 4290 Ricardi
1419 4229 1671 4290 Comitis
1696 4231 1952 4292 Warwic
1979 4251 2088 4310 pro
2117 4235 2381 4292 manerio

713 4324 790 4383 de
819 4325 1045 4403 Eycote
1324 4360 1345 4369 -
1670 4361 1691 4370 -
2016 4361 2038 4372 -
2363 4363 2386 4372 -
2467 4328 2793 4389 cccclxxxv.

550 4423 733 4482 Carta
761 4423 1006 4482 Henrici
1034 4423 1217 4500 Regis
1243 4443 1351 4502 pro
1386 4427 1651 4485 manerio
1678 4427 1755 4486 dc
1784 4425 2014 4504 Eycote
2364 4459 2386 4471 ·
2468 4427 2814 4486 cccclxxxvi.

550 4519 733 4580 carta
759 4518 1011 4580 Walberi
1043 4521 1247 4580 Power
1287 4522 1363 4581 de
1393 4521 1699 4601 Lydstone
2024 4557 2045 4566 -
2369 4561 2392 4570 -
2472 4524 2844 4584 cccclxxxvii.
2895 4545 2900 4549 ’

550 4617 734 4678 carta
758 4618 1008 4677 Roberti
1036 4618 1277 4678 Russell
1308 4619 1385 4679 de
1414 4619 1718 4698 Lydstone
2375 4659 2396 4668 -
2478 4622 2870 4682 cccclxxxviii.

550 4715 732 4775 Carta
760 4715 1012 4774 Galfridi
1042 4715 1309 4788 Bedulle,
1342 4715 1593 4776 Walteri
1623 4719 1785 4796 Snap
1812 4737 1922 4796 pro
1950 4719 2254 4796 Lydstoue
2363 4753 2384 4764 ·
2465 4719 2810 4780 cccclxxxix.

551 4812 734 4872 Carta
761 4813 1049 4874 Iohannis
1076 4813 1320 4874 Athalle
1363 4815 1439 4874 <le
1469 4815 1773 4894 Lydstone
2025 4851 2036 4860 -
2365 4851 2386 4861 -
2465 4837 2685 4878 ccccxc.

553 4908 739 4970 Carta
766 4910 1053 4971 Iohannis
1078 4911 1323 4972 Athalle
1363 4911 1438 4971 de
1467 4912 1772 4992 Lydstone
2018 4951 2039 4960 -
2363 4950 2384 4959 -
2465 4916 2703 4976 ccccxci.
2749 4959 2768 4986 ,
