3731 6032
2148 970 2278 1034 458

771 1145 1171 1194 ccccxxvnl.
1449 1138 1546 1205 De
1590 1137 1828 1224 placia
1873 1137 2076 1204 inccta
2117 1135 2604 1204 molendinum
2648 1135 2957 1206 Abbatis.

773 1271 992 1386 gam
1005 1271 1181 1387 ἷξὴῗξ
1293 1274 1517 1342 Sciant
1545 1283 1881 1363 presentes
1912 1281 1981 1341 et
2010 1275 2253 1353 futuri,
2284 1274 2462 1360 quod
2506 1296 2628 1361 ego
2659 1274 3015 1353 Walterus,
3042 1276 3226 1342 filius

771 1403 874 1451 and
909 1375 1177 1451 augentem·
1205 1381 1488 1456 Ricardi,
1510 1402 1629 1466 pro
1659 1381 1874 1446 salute
1893 1381 2113 1445 anime
2136 1400 2279 1444 mee
2309 1385 2379 1444 et
2406 1384 2897 1446 antecessorum
2922 1403 3223 1446 meorum

772 1467 931 1581 εἶξε
943 1467 1180 1582 &affl
1203 1485 1352 1550 dedi
1383 1491 1451 1550 et
1481 1485 1765 1550 concessi
1797 1490 1865 1549 et
1909 1484 2032 1549 hac
2075 1484 2365 1569 presenti
2411 1488 2596 1548 carta
2640 1504 2787 1548 mea
2830 1486 3221 1550 confirmavi

771 1613 804 1646 a
851 1596 1176 1678 lotsoutpby
1203 1588 1338 1654 Deo
1369 1595 1438 1654 et
1483 1589 1769 1654 Ecclesie
1800 1588 2005 1653 Beate
2054 1587 2261 1652 Marie
2307 1597 2374 1652 et
2405 1587 2633 1652 Sancti
2668 1587 2975 1653 Kenelmi
3021 1589 3223 1674 Regis

774 1663 818 1711 Α
859 1662 990 1712 δ”ῃ
1012 1662 1136 1713 Μὼ·
1202 1698 1270 1758 ct
1325 1693 1614 1757 Martiris
1669 1690 2208 1777 Wynchecumbe
2256 1695 2326 1756 et
2378 1690 2721 1756 Monachis
2774 1691 3021 1757 ibidem
3076 1693 3223 1757 Deo

1200 1794 1643 1860 servientibus
1661 1796 1732 1860 in
1749 1794 2024 1860 liberam
2047 1815 2279 1880 puram
2302 1802 2370 1859 et
2387 1799 2773 1880 perpetuam
2794 1794 3217 1860 elemosinam

771 1903 838 1954 fo.
866 1905 979 1954 401.
1200 1899 1535 1984 quandam
1581 1898 1862 1985 placiam
1914 1910 2101 1974 terre,
2146 1919 2276 1982 que
2327 1897 2499 1962 iacet
2552 1920 2634 1962 ex
2686 1903 2879 1984 parte
2924 1899 3221 1964 Australi

1199 2003 1393 2066 iuxta
1415 2002 1867 2068 molendinum
1892 2000 2173 2067 Abbatis
2192 2007 2259 2065 et
2280 1999 2663 2066 Conventus
2675 2001 3226 2082 Wynchecumbe,

1199 2128 1328 2190 que
1356 2106 1494 2172 fuit
1523 2111 1700 2172 terra
1733 2107 2021 2186 Ricardi‚
2052 2104 2383 2192 quondam
2417 2107 2627 2191 patris
2656 2106 2806 2182 mei,
2836 2106 3219 2171 Tenendum

1199 2213 1267 2273 et
1288 2207 1657 2274 habendam
1687 2209 1882 2274 dictis
1904 2208 2152 2273 Abbati
2173 2212 2242 2272 et
2262 2205 2631 2272 Conventui
2654 2208 2857 2274 libere
2882 2214 2951 2274 et
2970 2211 3215 2292 quiete,

1197 2313 1895 2398 imperpetuum—ita,
1925 2312 2103 2397 quod
2134 2333 2258 2397 ego
2290 2312 2393 2375 vel
2428 2311 2702 2376 heredes
2732 2313 2862 2377 mei
2895 2312 3097 2378 nichil
3132 2314 3217 2377 de

1197 2417 1376 2481 dicta
1407 2425 1582 2481 terra
1612 2416 1694 2481 de
1724 2422 1942 2482 cetero
1967 2415 2399 2481 clamabimus
2427 2421 2549 2481 aut
2579 2417 2929 2500 exigemus.
3020 2416 3126 2494 Et,
3154 2417 3213 2481 si

1193 2521 1569 2605 contigerit,
1597 2520 1773 2605 quod
1821 2541 1990 2584 uxor
2034 2541 2180 2584 mea
2228 2519 2673 2604 supervixerit
2718 2527 2787 2584 et
2832 2519 3007 2584 dicte
3037 2525 3213 2584 terre

1194 2623 1464 2688 terciam
1495 2629 1754 2708 partem
1789 2623 2139 2708 [petierit-J,
2168 2621 2441 2686 heredes
2474 2625 2601 2686 mei
2635 2621 2829 2688 dictis
2862 2623 3109 2688 Abbati
3143 2629 3215 2688 et

1193 2725 1570 2792 Conventui
1602 2727 1686 2792 ad
1724 2728 2012 2792 valorem
2043 2731 2403 2790 memorate
2433 2727 2634 2791 tercie
2677 2727 2887 2813 partis
2919 2727 3213 2813 plenarie

1193 2835 1262 2894 et
1320 2831 1462 2894 sine
1508 2830 1830 2896 dilacione
1865 2829 2301 2895 satisfacient.
2412 2829 2578 2915 Ego,
2613 2852 2787 2906 vere,
2832 2835 2900 2895 et
2940 2830 3215 2896 heredes

1195 2933 1320 2996 mei
1367 2933 1729 3020 predictam
1775 2939 2021 2998 terram
2068 2933 2417 3020 sepedictis
2448 2933 2697 2997 Abbati
2730 2938 2799 2997 et
2830 2933 3211 2998 Conventui

1193 3041 1422 3101 contra
1467 3060 1692 3103 omnes
1738 3037 2040 3103 homines
2082 3045 2152 3102 et
2195 3037 2479 3101 feminas
2524 3039 3013 3124 imperpetuum
3044 3060 3211 3103 war-

1192 3140 1653 3205 antizabimus.
1748 3142 1853 3217 Et,
1907 3148 1984 3205 ut
2041 3141 2163 3206 hec
2223 3163 2370 3205 mea
2420 3140 2695 3207 donacio
2754 3147 2824 3206 et
2884 3144 3211 3207 concessio

1193 3248 1581 3329 perpetuam
1626 3246 1975 3330 optineant
2005 3245 2410 3321 firmitatem,
2441 3245 2597 3310 huic
2640 3246 2931 3330 presenti
2962 3246 3211 3331 scripto

1194 3348 1484 3434 sigillum
1537 3370 1754 3414 meum
1808 3350 2101 3435 apposui.
2216 3346 2363 3412 Hiis
2416 3350 2698 3413 testibus
2726 3370 2743 3428 ;
2795 3348 3080 3413 Roberto
3123 3348 3209 3412 de

1195 3452 1572 3528 Sireburna,
1615 3458 1776 3519 tunc
1820 3452 2109 3531 ballivo3
2160 3450 2453 3515 Radulfo
2498 3451 2873 3528 Treumon;
2929 3452 3209 3516 Ricardo

1192 3557 1274 3621 de
1323 3556 1620 3641 Lurtnye
1653 3554 1852 3637 (eic);
1897 3554 2189 3620 Waltero
2235 3554 2295 3618 le
2341 3554 2712 3639 Despenser
2730 3578 2747 3633 3
2792 3553 3081 3620 Roberto
3123 3554 3209 3618 de

1195 3658 1574 3745 Kaingham
1607 3664 1676 3724 et
1706 3680 1856 3723 coco
1888 3679 2037 3723 cum
2069 3656 2406 3722 halimoto.

762 3912 1128 3965 ccccxxlx.
1195 3894 1402 3961 Carta
1425 3892 1762 3960 Iohannis
1783 3894 1949 3979 Oocy
1980 3892 2060 3957 de
2094 3898 2462 3958 tenemento
2492 3891 2693 3957 iuaeta
2722 3892 3207 3961 ‘molendinum

2048 3995 2297 4062 Abbati
2301 4018 2351 4062 ⁸.

758 4155 936 4205 About
959 4157 1100 4205 1264.
1280 4136 1508 4201 Sciant
1537 4140 1874 4221 presentes
1904 4139 1973 4199 et
2016 4132 2254 4210 futuri,
2284 4133 2457 4219 quod
2492 4155 2614 4219 ego
2645 4132 2997 4210 Iohannes,
3028 4135 3203 4200 filius

758 4219 1165 4347 ffissssoss’cnoessf
1192 4239 1443 4304 Mathei
1505 4239 1683 4316 Coci,
1735 4237 1959 4303 remisi
2012 4241 2081 4302 et
2127 4238 2430 4323 quietum
2483 4238 2765 4303 clamavi
2814 4259 2935 4324 pro
2982 4262 3087 4304 me
3132 4250 3203 4305 et

757 4351 937 4399 remita
977 4356 1032 4400 to
1187 4342 1538 4407 heredibus
1593 4342 1751 4407 meis
1796 4341 2050 4405 Abbati
2104 4346 2171 4407 et
2232 4339 2609 4406 Conventui
2667 4339 3202 4426 Wyuchecumbe

757 4414 991 4465 convent
1028 4415 1108 4465 his
1912 4446 1925 4460 ·
2375 4445 2390 4459 ·
2827 4446 2841 4459 ·

753 4480 966 4530 father-'s
1019 4487 1160 4530 teno-
1188 4452 1257 4512 et
1301 4469 1526 4512 eorum
1575 4443 2056 4511 successoribus
2104 4448 2324 4509 totum
2372 4466 2475 4509 ius
2530 4450 2598 4509 et
2650 4443 2980 4521 clamium,
3026 4446 3201 4532 quod

751 4546 1160 4662 ἳξὲξὶξὶθῑξίξῧῗ
1185 4550 1390 4615 habui
1421 4555 1540 4614 aut
1569 4548 1812 4613 habere
1843 4549 2057 4634 potui,
2086 4548 2159 4612 in
2203 4552 2345 4613 toto
2376 4552 2775 4625 tenemento,
2807 4549 2986 4634 quod
3014 4560 3205 4635 pater

752 4676 891 4741 pond
921 4691 934 4737 ς
989 4675 1092 4727 had
1184 4676 1369 4718 meus
1420 4652 1660 4718 habuit
1711 4652 1794 4717 de
1848 4651 2145 4718 Waltero
2192 4651 2275 4717 de
2326 4651 2585 4717 Lutone
2647 4652 2840 4717 iuxta
2890 4661 3201 4739 stagnum

751 4742 886 4791 “⁰¹²²
910 4741 1060 4792 W⁸⁰¹¹²·
1093 4743 1157 4792 ‘¹⁶
1183 4757 1545 4822 molendini
1568 4756 1854 4821 Abbatis
1876 4754 2411 4842 Wynchecumbe
2442 4764 2511 4820 et
2541 4755 2705 4820 mihi
2738 4755 2924 4822 dedit
2948 4782 2965 4836 ;
2992 4758 3199 4824 nichil

754 4806 946 4858 Leton.
1183 4860 1265 4924 de
1294 4860 1473 4926 dicto
1503 4862 1885 4925 tenemento
1908 4859 2109 4925 michi
2125 4863 2248 4925 aut
2265 4857 2615 4925 heredibus
2636 4859 2797 4924 meis
2824 4880 3205 4943 reservans;
