3731 6032
720 1116 771 1166 A
792 1118 855 1168 fit
876 1119 1076 1183 portion

718 1185 952 1235 resen-ved
971 1184 1053 1235 for
1072 1200 1105 1235 a

718 1248 991 1311 Perpetual

715 1312 878 1377 Vicat,

714 1547 783 1598 fo.
811 1549 892 1599 83.

705 2924 787 2973 An
821 2924 1008 2973 annual

2103 958 2224 1022 100

1145 1116 1253 1183 vel
1280 1138 1723 1185 successorum
1750 1125 2129 1185 nostrorum
2157 1142 2277 1185 seu
2307 1118 2582 1186 alterius
2610 1122 3056 1206 cuiuscunque
3086 1116 3158 1183 li-

1142 1221 1364 1287 cencia
1384 1244 1503 1288 seu
1519 1243 1788 1289 assensu
1810 1223 2084 1289 minime
2112 1223 2468 1309 requisitis.
2513 1224 2889 1301 Reservata,
2908 1227 3160 1301 tamen,

1143 1346 1431 1411 congrua
1452 1326 1753 1412 portione
1776 1326 1859 1391 de
1878 1326 2080 1413 ipsius
2104 1326 2389 1393 Ecclesie
2412 1327 2839 1413 proventibus
2862 1348 2980 1413 pro
2999 1326 3156 1391 Per-

1142 1434 1345 1515 petuo
1366 1428 1627 1495 Vicario
1648 1451 1765 1516 per
1786 1452 1904 1497 vos
1928 1436 1997 1496 et
2013 1452 2410 1497 successores
2429 1436 2698 1509 vestrm,
2710 1431 2900 1496 nobis
2923 1434 2992 1495 et
3012 1448 3157 1513 suc·

1144 1533 1505 1598 sessoribus
1535 1534 1775 1599 nostris
1797 1534 2256 1620 presentand0,
2275 1538 2344 1599 et
2373 1556 2490 1620 per
2513 1557 2630 1600 nos
2661 1539 2730 1600 et
2758 1554 3156 1599 successores

1149 1642 1405 1702 nostros
1434 1636 1847 1704 instituendo
1891 1639 2200 1705 canonice
2244 1640 2316 1703 in
2345 1639 2594 1715 eadem,
2623 1638 2695 1703 in
2727 1660 2806 1704 ea
2834 1640 3153 1724 perpetuo

1146 1740 1491 1806 Virtutum
1566 1740 1849 1807 Domino
1923 1742 2270 1819 servituro,
2343 1742 2520 1807 unde
2594 1742 2770 1809 idem
2849 1741 3154 1807 Vicarius

1146 1844 1353 1929 possit
1380 1844 1718 1909 commOde
1748 1846 2125 1920 sustentari,
2149 1845 2422 1931 iuraque
2446 1845 2859 1931 Episcopalia
2877 1844 3154 1921 solvere,

1146 1952 1215 2013 et
1273 1947 1403 2012 alia
1460 1969 1659 2013 onera
1715 1948 1841 2013 sibi
1902 1948 2353 2015 incumbencia
2410 1948 3041 2035 supportare—Iure
3085 1951 3154 2013 et

1144 2051 1472 2137 dignitate
1503 2051 1787 2117 Ecclesie
1832 2052 1899 2116 N
1904 2059 2077 2118 ostre
2109 2052 2604 2138 Wygorniensis
2656 2052 2966 2139 predicte,
3010 2056 3152 2116 tam

1142 2155 1361 2241 quoad
1412 2154 1623 2241 legem
1667 2156 2130 2235 iurisdicionis,
2157 2178 2356 2241 quam
2409 2156 2853 2233 diocesariam,
2898 2176 3153 2221 necnon

1139 2260 1283 2324 iure
1350 2264 1420 2325 et
1478 2259 1896 2326 iurisdicione
1945 2261 2408 2327 Archidiaconi
2457 2260 2977 2347 Wygorniensis,
3035 2260 3150 2344 qui

1138 2385 1254 2448 pro
1299 2367 1591 2448 tempore
1642 2363 1865 2440 fuerit,
1897 2386 2014 2449 per
2062 2366 2283 2428 omnia
2322 2385 2575 2451 semper
2623 2364 2864 2439 salvis3
2909 2362 3152 2449 quibus

1136 2488 1255 2552 per
1281 2468 1619 2553 premissa,
1664 2468 1794 2531 nisi
1842 2475 2169 2553 quatenus
2219 2468 2522 2553 superius
2571 2468 2986 2554 exprimitur,
3016 2487 3151 2531 non

1138 2571 1545 2636 intendimus
1574 2572 1647 2635 in
1676 2571 1900 2656 aliquo
1920 2571 2252 2655 derogare.
2346 2571 2685 2648 Volumus,
2713 2572 2936 2647 etiam,
2965 2575 3036 2636 et
3066 2570 3146 2635 de

1133 2679 1359 2740 nostro
1430 2696 1729 2760 expresso
1790 2674 2170 2741 ordinamus
2239 2696 2579 2753 consensu,
2637 2676 2816 2759 quod
2888 2697 3006 2739 vos
3081 2682 3150 2739 et

1132 2800 1526 2845 successores
1557 2780 1780 2855 vestri,
1809 2780 1896 2843 ad
1925 2778 2315 2844 solvendum
2347 2780 2535 2845 nobis
2565 2784 2634 2845 et
2663 2778 3146 2845 successoribus

1133 2884 1397 2957 nostris,
1444 2883 1782 2969 Episcopis
1841 2883 2446 2967 Wygorniensibus,
2497 2906 2614 2970 pro
2666 2884 3146 2969 indempnitate

705 2988 915 3054 penaion
934 2989 988 3039 of
1005 2991 1105 3042 20⁸·
1130 2992 1373 3064 nostra,
1448 2992 1517 3054 et
1591 2986 1880 3054 Ecclesie
1963 2987 2209 3054 Nostre
2292 2987 2752 3075 Wygorniensi
2832 2989 3143 3074 predicte,

704 3060 799 3104 out
810 3055 865 3104 of
875 3055 1107 3120 'l'wining

704 3120 910 3170 Chul-ch
938 3125 994 3170 to
1026 3120 1104 3170 in-

1133 3091 1465 3158 occasione
1541 3091 1715 3157 dicte
1788 3093 2076 3168 unionis,
2121 3093 2194 3156 in
2266 3092 2440 3158 festo
2515 3093 2744 3160 Sancti
2805 3093 3146 3159 Michaelis

704 3186 935 3250 domnity
1017 3186 1106 3235 ¹²¹²ss
1132 3193 1545 3280 Archangeli,
1575 3195 1820 3281 viginti
1849 3195 2092 3261 solidos
2121 3196 2605 3282 sterlingorum,
2627 3198 2820 3262 annis
2851 3195 3148 3282 singuliS,

704 3251 909 3315 Bishop.

1135 3298 1217 3364 de
1245 3298 1577 3364 fructibus
1622 3298 1797 3364 dicte
1845 3298 2132 3366 Ecclesie
2185 3299 2582 3365 Parochialis
2635 3300 2717 3366 de
2746 3301 3144 3387 Twenynge,

1132 3402 1280 3467 sitis
1329 3403 1401 3466 in
1453 3406 1849 3488 perpetuum
1899 3402 2210 3489 obligati3
2253 3403 2561 3488 quodque
2608 3403 2695 3468 ad
2747 3403 3147 3469 solucionem

1134 3506 1307 3572 dicte
1335 3527 1553 3571 annue
1584 3505 1935 3591 pensionis,
1957 3527 2155 3592 quam
2186 3506 2373 3571 vobis
2403 3511 2472 3571 et
2503 3507 2574 3570 M
2576 3507 2904 3573 onasterio
2927 3513 3148 3573 vestro

1134 3609 1489 3676 statuendo
1518 3609 1934 3692 imponimus,
1966 3610 2233 3695 possitis
2263 3615 2333 3675 et
2362 3609 2674 3687 debeatis,
2705 3631 2854 3676 cum
2884 3611 3148 3678 fueritis

1131 3718 1203 3782 in
1250 3715 1522 3802 pacifica
1572 3713 1976 3800 possessione
2035 3712 2210 3778 dicte
2269 3713 2555 3779 Ecclesie
2615 3713 2697 3780 de
2755 3715 3151 3802 Twenynge.

1133 3819 1525 3887 auctoritate
1574 3821 1799 3883 nostra
1829 3827 1897 3882 et
1938 3838 2383 3882 successorum
2427 3821 2800 3883 nostrorum
2847 3820 3149 3906 compelli

1134 3945 1252 4011 per
1280 3943 1586 3989 censuras
1616 3921 2082 3988 ecclesiasticas
2135 3922 2208 3985 in
2254 3942 2371 3986 vos
2420 3925 2489 3986 et
2540 3926 2834 3986 vestrum
2888 3923 3148 3990 Monas-

1008 4049 1021 4062 ·
1136 4027 1377 4094 terium
1437 4024 1970 4112 promulgandas,
2028 4024 2084 4088 si
2144 4025 2487 4111 contingat
2539 4046 2655 4088 vos
2699 4026 2771 4090 in
2823 4027 3149 4094 solutione

1136 4128 1517 4196 huiusmodi
1548 4128 1825 4194 deficere
1854 4127 1927 4192 in
1958 4129 2244 4193 termino
2273 4129 2668 4214 supradicto.
2757 4128 2840 4194 In
2869 4152 3149 4216 quorum

1138 4235 1434 4302 omnium
1464 4232 1922 4297 testimonium
1952 4231 2073 4296 has
2103 4231 2362 4296 litteras
2379 4235 2702 4318 patentes,
2719 4233 2923 4319 sigilli
2941 4236 3152 4302 nostri

1140 4336 1562 4424 appensione,
1629 4356 1706 4401 ac
1751 4333 2071 4399 willelmi
2123 4334 2204 4400 de
2253 4333 2686 4401 Chabbonore
2739 4339 3152 4406 Auctoritate

1137 4439 1520 4527 Apostolica
1564 4436 1831 4504 Notarii
1877 4436 2144 4523 publici,
2187 4437 2378 4524 signo
2422 4443 2491 4503 et
2531 4439 3035 4526 subscripcione,
3065 4443 3152 4509 ad

1137 4543 1521 4610 memoriam
1567 4550 1974 4626 perpetuam,
2020 4540 2483 4606 mandavimus
2543 4547 2613 4608 et
2655 4542 2934 4610 fecimus
2977 4568 3152 4613 com·

1137 4647 1402 4713 muniri.
1450 4645 1703 4711 Datum
1726 4643 2108 4730 Wygornie,
2127 4646 2200 4710 in
2229 4644 2445 4712 Domo
2476 4645 2848 4732 capitulari
2868 4649 3151 4718 Ecclesie

1135 4756 1357 4818 nostre
1406 4748 1905 4836 Wygorniensis
1955 4748 2290 4833 predicte;
2349 4754 2540 4816 sexto
2581 4750 2688 4816 die
2737 4754 2981 4820 mensis
3027 4755 3153 4822 Oc·

1135 4854 1361 4932 tobris,
1404 4875 1580 4919 anno
1644 4851 1916 4917 Domini
1986 4852 2334 4918 millesimo
2380 4855 2838 4921 trecentesimo
2887 4863 3152 4945 septua-
