3731 6032
1636 947 1785 1006 lxxi.

557 1111 896 1188 willelmus
924 1109 1258 1187 Dungeden
1284 1111 1359 1170 de
1388 1110 1653 1190 Cliveley
1747 1145 1770 1158 ·
2095 1146 2115 1155 -
2439 1145 2460 1156 ·
2541 1109 2689 1168 cxlv.

558 1211 741 1270 Carta
766 1208 1051 1268 Willelmi
1079 1206 1413 1284 Dungeden
1438 1207 1513 1267 de
1540 1210 1801 1286 quodam
1841 1229 2050 1268 maneo
2090 1211 2151 1266 in
2197 1208 2462 1285 Cliveley
2543 1206 2712 1265 cxlvi.

558 1308 740 1367 Carta
766 1307 984 1383 Rogeri
1013 1305 1346 1382 Dungeden
1375 1305 1450 1365 de
1478 1305 1745 1384 Cliveley
2099 1341 2118 1348 -
2444 1339 2464 1348 -
2546 1305 2740 1364 cxlvii.

558 1405 947 1465 Confirmacio
974 1403 1259 1462 willelmi
1286 1403 1393 1462 filii
1420 1403 1704 1464 willelmi
1747 1406 1823 1465 de
1852 1405 2121 1483 Oliveley
2447 1437 2465 1446 -
2547 1402 2762 1462 cxlviii.

559 1503 753 1563 Adam
781 1504 837 1562 le
867 1502 1201 1580 Despeneer
1226 1502 1301 1562 de
1330 1501 1660 1562 Bradeston
1677 1523 1785 1582 pro
1804 1503 1982 1562 dumo
2001 1503 2077 1562 de
2098 1501 2460 1644 pinguedine

720 1599 1082 1679 duplicando
1404 1633 1426 1643 —
2445 1633 2466 1642 -
2547 1599 2713 1658 cxlix.

560 1699 742 1759 Carta
770 1697 1007 1756 Iordani
1035 1698 1111 1757 de
1140 1696 1547 1756 Bradeneeton
1574 1698 1649 1757 de
1678 1693 1771 1757 iiid
1800 1706 1864 1758 et
1890 1698 2008 1757 alio
2035 1699 2281 1758 servicio
2443 1731 2464 1740 -
2547 1697 2620 1755 cl.

562 1797 744 1856 Carta
772 1795 1036 1854 Iohanne
1070 1794 1285 1854 Bulluc
1312 1795 1387 1854 de
1414 1795 1681 1874 Cliveley
1744 1829 1765 1839 -
2091 1829 2111 1838 -
2441 1829 2461 1838 -
2543 1795 2632 1854 cli.

562 1895 745 1954 Carta
777 1903 936 1954 terre
961 1913 1077 1970 que
1106 1894 1277 1953 nobie
1306 1893 1469 1954 Elias
1508 1894 1583 1952 de
1612 1894 1869 1955 Foxcote
1909 1894 1986 1953 ad
2029 1895 2311 1954 levandos
2339 1895 2456 1953 viii.

725 1991 941 2057 eolidoe
994 1991 1071 2050 ad
1136 1992 1611 2051 anniversarium
1664 2011 1859 2051 suum.
1997 1992 2077 2052 Et
2143 1999 2239 2052 eet
2301 2000 2462 2053 terra

732 2089 823 2148 ‘le
852 2089 1026 2147 bolur
1044 2088 1057 2113 ’
1086 2089 1149 2146 in
1180 2087 1521 2148 Enneetane
1756 2123 1777 2132 -
2106 2123 2124 2133 -
2449 2123 2468 2132 -
2551 2089 2667 2148 clii.

565 2188 783 2261 Quieta
810 2187 1134 2246 clemencia
1163 2185 1406 2246 Hem-ici
1432 2187 1507 2246 de
1540 2186 1978 2247 Willameecote
2005 2187 2081 2247 de
2121 2195 2352 2247 aeearto
2389 2187 2462 2246 de

727 2285 1070 2344 Enneetane
1405 2318 1426 2326 -
1748 2319 1769 2328 -
2095 2319 2112 2328 -
2439 2319 2458 2328 -
2539 2287 2674 2345 cliii.

566 2384 781 2456 Quieta
809 2382 1134 2441 clamancia
1165 2381 1407 2441 Henrici
1434 2381 1509 2440 de
1536 2381 1978 2442 Willameecote
2006 2383 2080 2442 de
2120 2384 2461 2444 Enneetane
2545 2384 2684 2442 cliv.

570 2482 767 2540 Litera
810 2479 1035 2538 domini
1079 2479 1327 2538 Roberti
1364 2481 1439 2539 de
1480 2479 1673 2539 Morbi
1712 2500 1819 2558 pro
1856 2489 2086 2540 asserto
2105 2515 2126 2524 -
2453 2516 2473 2525 -
2555 2484 2666 2542 clv.

576 2579 866 2639 ilenricue
912 2579 965 2636 le
1007 2578 1211 2655 Spicer
1250 2577 1325 2636 de
1366 2587 1597 2638 asserto
1758 2613 1779 2622 -
2105 2614 2125 2623 -
2450 2617 2471 2626 -
2552 2582 2684 2640 clvi.

567 2676 787 2749 Quieta
840 2675 1166 2734 clemencia¹
1210 2674 1435 2735 domini
1492 2675 1850 2735 Blokeeham
1905 2677 1980 2735 de
2034 2695 2349 2736 commune.
2402 2679 2465 2735 in

726 2781 956 2832 essarto
982 2773 1237 2833 Abbatie
1262 2774 1337 2833 de
1365 2773 1856 2851 Wynchecumba¹
2105 2809 2126 2818 -
2449 2809 2465 2817 -
2551 2776 2705 2834 clvii.

566 2871 855 2930 Remieeio
880 2871 1106 2929 domini
1134 2870 1383 2930 walteri
1414 2870 1488 2929 de
1516 2871 1906 2949 Schokynton
1935 2871 2009 2930 de
2037 2881 2266 2930 essarto
2443 2907 2463 2916 -
2545 2874 2718 2932 clviii.

567 2970 853 3034 Remissio
883 2969 1132 3029 Roberti
1156 2968 1231 3029 de
1260 2968 1534 3030 Trillawe
1560 2969 1635 3029 de
1665 2979 1898 3031 essarto
2115 3003 2135 3012 -
2458 3005 2479 3014 -
2559 2973 2694 3032 clix.

566 3068 856 3127 Remissio
885 3068 1123 3127 Ricardi
1150 3067 1225 3127 de
1256 3068 1581 3127 Cornwelle
1608 3069 1684 3128 de
1710 3077 1944 3128 essarto
2105 3102 2126 3111 -
2453 3104 2470 3113 ·
2551 3072 2660 3129 clx.

564 3165 902 3225 Willelmus
928 3166 1004 3225 de
1038 3166 1191 3242 Leye
1219 3167 1293 3225 de
1320 3176 1550 3226 essarto
1753 3202 1774 3212 -
2101 3202 2120 3211 -
2547 3170 2678 3228 clxi.

566 3264 876 3323 Exhibicio
904 3262 1076 3321 Bulle
1105 3262 1430 3322 Clementis
1458 3263 1617 3342 Pape
1646 3264 1940 3342 Episcopo
1971 3264 2363 3324 Lincolnienei
2404 3274 2469 3326 et

728 3361 1099 3439 parochianis
1147 3360 1223 3419 de
1268 3361 1607 3421 Ennestane
1648 3380 1756 3439 per
1797 3360 2140 3421 Robertum
2175 3363 2470 3422 Abbatem

726 3459 801 3518 de
830 3458 1136 3535 Bardeney
1156 3476 1336 3535 super
1354 3460 1835 3536 appropriacione
1846 3459 2106 3519 Ecclesie
2131 3461 2474 3520 Ennestane
2557 3461 2712 3521 clxii.

564 3557 750 3634 Copia
776 3556 1245 3615 confirmacionis
1274 3556 1459 3631 Regio
1502 3556 1727 3615 tradita
1756 3557 2050 3635 Episcopo
2077 3558 2473 3617 Lincolnienei

728 3653 889 3730 apud
920 3652 1256 3731 lydintone
1416 3686 1437 3695 ·
1759 3688 1780 3697 -
2105 3692 2126 3700 -
2449 3690 2470 3699 -
2550 3658 2730 3716 clxiii.

566 3752 751 3829 Copia
777 3759 939 3811 carte
968 3751 1149 3827 Regis
1176 3751 1252 3809 de
1270 3751 1507 3810 Vicaria
1528 3751 1603 3809 de
1634 3752 1943 3812 Enneetan
2107 3788 2126 3795 -
2555 3756 2731 3815 clxiv.

566 3850 918 3927 Reeignacio
974 3848 1233 3908 Ecclesie
1286 3848 1361 3907 de
1419 3848 1762 3908 Enneetane
1816 3869 1925 3928 per
1977 3851 2346 3911 willelmum
2402 3852 2476 3911 de

730 3946 1040 4005 Hauetede
1081 3946 1395 4005 Rectorem
1438 3946 1704 4006 eiusdem
1760 3980 1781 3991 ·
2553 3950 2704 4009 clxv.

568 4044 915 4103 Commissio
996 4045 1158 4103 facta
1237 4063 1344 4122 per
1422 4043 1724 4103 Abbatem
1805 4045 1882 4105 de
1975 4046 2314 4124 Bardeneya
2398 4046 2475 4105 ad

730 4141 1160 4220 puplicandum
1202 4159 1544 4219 processum
1585 4151 1649 4202 et
1689 4154 2044 4221 perpetuam
2083 4146 2383 4205 accionem
2453 4178 2474 4188 -
2557 4145 2728 4205 clxvi.

571 4238 1053 4300 lustramentum
1099 4239 1407 4316 publicum
1463 4259 1644 4317 super
1698 4240 2047 4301 induccione
2103 4262 2208 4321 per
2257 4246 2467 4321 magis-

732 4345 897 4397 trum
936 4335 1133 4396 Adam
1187 4336 1262 4396 de
1318 4338 1688 4397 Cirenoeetre
1736 4342 2206 4399 commissarium
2249 4341 2475 4401 domini

736 4435 992 4494 Abbatis
1020 4434 1413 4494 Eveehamme
1766 4470 1789 4479 -
2113 4472 2134 4480 -
2457 4474 2478 4483 -
2559 4440 2752 4499 clxvii.

572 4534 893 4611 Inquisicio
910 4534 1070 4592 facta
1084 4532 1246 4609 apud
1266 4532 1531 4592 Enestan
1548 4552 1746 4593 coram
1758 4534 2070 4595 Escaetore
2087 4536 2312 4595 domini
2323 4538 2501 4615 Regis
2548 4538 2761 4597 clxviii.

571 4631 997 4708 Acquietancia
1022 4630 1097 4688 de
1139 4630 1386 4689 servicio
1426 4630 1501 4689 de
1540 4650 1699 4691 anno
1742 4632 1934 4709 Regni
1979 4632 2158 4711 Regis
2201 4634 2477 4693 Edwardi

734 4729 825 4787 iii0
852 4735 990 4805 post
1015 4727 1425 4804 Conqueetum
1466 4729 1667 4787 Primo
1763 4762 1784 4772 -
2110 4764 2130 4775 ·
2455 4766 2476 4775 -
2559 4733 2734 4791 clxix.

572 4826 1000 4905 Aequietancia
1063 4825 1448 4885 serviciorum
1514 4826 1741 4885 domini
1816 4826 1998 4905 Regis
2081 4829 2140 4886 in
2224 4829 2475 4889 diversis

736 4925 1103 5002 temporibus
1413 4957 1435 4967 ·
1757 4957 1779 4968 -
2101 4958 2125 4973 ·
2447 4960 2470 4975 ·
2549 4929 2692 4988 clxx.
