3731 6032
1509 973 1633 1039 157

557 1134 822 1219 Quarta
853 1133 1082 1202 Carta.
1175 1131 1428 1216 Quieta
1473 1132 1862 1202 clamanda
1891 1131 2234 1202 Iohannis
2262 1133 2343 1201 de
2388 1131 2571 1201 Wew-
2594 1148 2749 1202 xcv·

645 1238 812 1308 lond
856 1239 938 1305 de
981 1237 1278 1324 capitali
1318 1238 1670 1325 maeuamzo.
1713 1236 1796 1305 de
1861 1237 2083 1325 Thr-op
2144 1257 2305 1306 eum
2368 1235 2573 1306 teo-»02⁸

641 1351 700 1411 et
743 1341 1142 1411 tenementis
1177 1341 1684 1430 pertinentibus
1727 1342 1824 1410 ad
1864 1341 2061 1410 idem.

641 1481 871 1549 Sciant
901 1484 1236 1566 presentes
1267 1484 1337 1546 et
1365 1479 1601 1559 futuri,
1631 1479 1810 1567 quod
1839 1501 1961 1567 ego
2005 1479 2335 1546 Iohannes
2365 1478 2564 1545 Wau·
2594 1516 3001 1570 Fourthohartoe

548 1585 656 1674 pol
692 1585 802 1671 [de
831 1583 1210 1670 WenlondJ,
1240 1583 1418 1650 filius
1463 1589 1532 1650 et
1583 1583 1772 1650 heres
1821 1583 2139 1650 Iohannis
2170 1583 2453 1671 Waupol
2485 1583 2567 1650 de
2592 1582 2645 1633 ot
2685 1582 2803 1647 quit
2845 1583 2995 1635 claim

545 1689 794 1766 eadem,
823 1689 928 1767 do,
957 1687 1258 1765 conced0,
1286 1687 1508 1765 reddo,
1552 1687 1818 1755 remitto
1849 1694 1918 1754 et
1948 1689 2217 1754 omnino
2262 1689 2565 1773 quietum
2590 1647 2999 1766 ἆξξὲζιῗςὲἶ

540 1793 769 1872 clamo,
821 1814 942 1879 pro
991 1815 1116 1870 me,
1165 1790 1518 1859 heredibus
1563 1793 1726 1858 meis
1775 1797 1844 1858 et
1896 1793 2248 1878 assignatis
2290 1791 2561 1878 quibus·
2589 1778 2995 1896 {apifflofflss'u'

545 1917 826 1982 cunque,
896 1894 1291 1983 capitalibus
1350 1895 1636 1962 dominis
1705 1895 1887 1975 meis,
1950 1894 2263 1974 Waltero,
2322 1894 2566 1962 Abbati
2617 1859 2681 1908 ⁸⁰
2912 1860 2961 1910 μ

545 1999 1102 2087 Wynchecumbe,
1161 2004 1231 2066 et
1304 1999 1596 2065 eiusdem
1655 1999 1782 2068 loci
1843 1999 2222 2066 Conventui
2281 2005 2351 2066 et
2422 2021 2567 2067 suc-

538 2103 900 2170 cessoribus
951 2103 1106 2182 suis,
1161 2102 1244 2169 de
1291 2103 1560 2191 capitali
1613 2103 1970 2190 mesuagiO,
2021 2125 2137 2170 seu
2198 2103 2425 2170 clauso
2484 2103 2567 2170 de

457 2255 468 2264 -
543 2207 787 2295 Throp,
816 2208 1010 2274 terris
1041 2214 1110 2274 et
1154 2207 1569 2285 tenementis,
1613 2207 2005 2288 redditibus,
2034 2207 2327 2274 serviciis
2371 2207 2565 2274 liber·

543 2333 732 2377 orum
763 2315 832 2378 et
861 2311 1262 2378 villanorum
1292 2311 1377 2377 de
1409 2313 1602 2378 terris
1635 2316 1704 2378 et
1734 2312 2130 2378 tenementis
2177 2312 2264 2378 ad
2306 2311 2562 2378 dictum

542 2416 954 2502 mesuagium
1002 2414 1511 2502 pertinentibus,
1546 2421 1635 2495 et,
1681 2417 1907 2495 eciam,
1957 2416 2099 2482 iure
2151 2421 2221 2483 et
2271 2416 2562 2482 dominio

547 2520 842 2587 eiusdem
887 2522 1208 2608 mesuagii
1267 2543 1418 2588 cum
1493 2521 1796 2588 omnibus
1855 2515 2281 2608 pertinenciis
2338 2543 2565 2609 supra-

543 2623 762 2704 dictis,
782 2624 1070 2712 seysitis,
1099 2628 1315 2691 totum
1364 2625 1468 2691 ius
1516 2625 1678 2712 [vel]
1730 2624 2064 2705 clamium,
2112 2626 2289 2712 quod
2338 2626 2569 2706 habe0,

547 2726 654 2792 vel
706 2727 950 2794 habere
993 2733 1224 2815 potero
1274 2729 1349 2794 in
1400 2727 1705 2794 futurum
1758 2729 1831 2793 in
1876 2729 2173 2815 predicto
2216 2731 2571 2818 mesuagio,

545 2831 758 2910 terrie,
791 2834 1191 2897 tenementis
1222 2835 1291 2898 et
1334 2830 1724 2910 redditibus,
1753 2833 2050 2899 serviciis
2096 2833 2457 2900 liberorum
2502 2839 2573 2900 et

547 2935 968 3014 villanorum,
1011 2940 1081 3002 et
1129 2931 1434 3002 omnibus
1493 2934 1642 3002 aliis
1701 2937 2127 3024 pertinenciis
2173 2937 2259 3003 ad
2320 2937 2573 3005 dictum

546 3040 958 3126 mesuagium
1010 3039 1517 3127 pertinentibus,
1637 3040 1761 3119 Ita,
1813 3042 1993 3128 quod
2044 3063 2181 3129 ego,
2243 3042 2573 3109 Iohannes

553 3142 835 3231 Waupol
889 3144 972 3211 de
1021 3143 1368 3221 Wenlond,
1417 3144 1690 3210 heredes
1736 3145 1843 3211 vel
1896 3147 2233 3233 assignati,
2277 3148 2350 3212 in
2396 3147 2573 3215 dicto

547 3248 886 3334 mesuagio
945 3247 1027 3313 de
1102 3247 1350 3334 Throp,
1421 3249 1634 3327 terris,
1692 3251 2109 3326 tenementiS,
2180 3249 2575 3331 redditibus,

543 3351 837 3418 serviciis
867 3349 1223 3417 liberorum
1266 3372 1384 3416 seu
1432 3350 1857 3430 villanorum,
1888 3352 1970 3418 de
2021 3354 2217 3419 terris
2270 3358 2341 3419 et
2388 3358 2573 3421 tene·

548 3456 789 3521 mentis
841 3454 929 3520 ad
976 3455 1228 3522 dictum
1277 3456 1562 3542 capitale
1613 3456 2028 3543 mesuagium
2059 3457 2572 3543 pertinentibus,

548 3560 942 3638 tenencium,
975 3580 1316 3645 nunquam
1363 3558 1620 3645 aliquid
1662 3560 1845 3637 iuris,
1876 3560 2095 3626 clamii
2141 3561 2248 3626 vel
2294 3561 2571 3628 dominii

550 3661 898 3728 vendicare
944 3662 1310 3748 poterimus
1370 3663 1442 3727 in
1485 3661 1810 3729 futurum.
1901 3662 1991 3729 Et
2034 3664 2186 3730 volo
2237 3664 2572 3731 exhabun·

548 3765 754 3844 danti,
813 3771 882 3833 et
932 3765 1234 3843 concedo,
1285 3765 1484 3851 quod,
1540 3765 1702 3832 dicti
1751 3765 2066 3853 capitales
2126 3766 2377 3833 domini
2421 3768 2572 3849 mei,

550 3867 902 3947 Walterus,
960 3868 1206 3944 AbbaS,
1259 3873 1328 3935 et
1399 3867 1788 3935 Conventus
1855 3868 2403 3956 Wynchecumbe,
2452 3893 2569 3937 seu

547 3994 773 4039 eorum
804 3992 1198 4038 successores
1229 3993 1568 4059 nunquam
1594 3992 1712 4056 per
1735 3994 1840 4037 me
1873 3977 1942 4038 et
1964 3972 2236 4039 heredes
2260 3995 2437 4041 meos
2462 3976 2570 4041 vel

543 4077 910 4162 assignatos
984 4097 1406 4163 quoscunque
1472 4074 1923 4162 impediantur
1987 4098 2105 4143 seu
2180 4083 2572 4163 graventur,

544 4180 895 4267 quominus
925 4180 1175 4246 dictum
1207 4178 1489 4268 capitale
1542 4180 1954 4267 mesuagium
2009 4181 2091 4247 de
2142 4181 2366 4269 Thr-op
2416 4205 2568 4250 cum

543 4284 758 4363 terris,
813 4284 1226 4360 tenementis,
1273 4281 1659 4362 redditibus,
1715 4284 2011 4351 serviciis
2071 4284 2433 4353 liberorum
2492 4294 2563 4356 et

548 4386 960 4465 villanorum,
989 4408 1105 4453 seu
1135 4388 1284 4454 aliis
1337 4388 1763 4474 pertinenciis
1815 4376 2331 4477 quibuscunque,
2362 4391 2565 4461 libere

2589 1951 2658 2002 fo.
2688 1952 2797 2004 150.

543 4548 876 4607 tenendum.”
913 4550 1021 4601 “de
1059 4550 1360 4615 capitalibus
1381 4549 1600 4601 dominis
1631 4551 1955 4602 dominorum
2000 4568 2230 4605 meorum
2270 4556 2485 4608 Abbatis
2506 4564 2563 4611 et

545 4630 894 4684 Conventus?
937 4632 1092 4683 After
1113 4638 1148 4661 ⁸⁸
1167 4638 1326 4684 terras
1347 4638 1402 4684 et
1417 4632 1750 4685 tenementa’·
1774 4639 1905 4685 next
1918 4634 2193 4701 following,
2217 4637 2246 4663 ‘⁸
2260 4638 2564 4704 molendina,

543 4714 776 4765 redditus
798 4720 854 4766 et
872 4714 1083 4766 servicia
1099 4713 1304 4766 ”—and
1333 4716 1389 4766 of
1423 4716 1517 4766 the
1554 4716 1696 4767 word
1733 4715 2135 4769 “molendinis”
2168 4720 2397 4772 between
2423 4723 2563 4775 “seu

543 4796 694 4847 terris
736 4801 793 4847 ct
839 4794 1196 4857 tenementis,’'
1241 4798 1344 4848 and
1387 4797 1725 4849 “redditibus
1779 4804 1835 4850 et
1901 4798 2123 4851 serviciis
2187 4801 2461 4854 liberorum
2504 4820 2535 4854 e

539 4874 894 4931 villanorum?
961 4878 1070 4930 'l'he
1091 4894 1228 4931 same
1249 4880 1520 4931 witnessee.
