3731 6032
1491 955 1620 1019 445

543 1139 833 1186 cessores
875 1122 982 1186 sui
1023 1143 1158 1187 non
1208 1121 1486 1188 fuerunt
1535 1121 1750 1186 seisiti
1797 1120 1881 1186 de
1930 1118 2201 1184 redditu
2246 1113 2563 1203 predicto}
2596 1165 2602 1172 .

551 1229 751 1307 prout
793 1224 970 1290 idem
1013 1225 1238 1290 Abba-s
1281 1225 1584 1312 superius
1636 1223 1979 1310 allegavit.
2067 1221 2157 1286 Et
2198 1221 2325 1286 hoc
2367 1219 2599 1305 petit,'

551 1326 730 1409 quod
781 1328 1158 1412 inquiratur
1208 1351 1325 1416 per
1375 1329 1665 1394 assisam.
1785 1326 1878 1392 Et
1932 1325 2267 1412 predictus
2316 1322 2565 1399 Abbas,
2588 1333 2659 1385 fo.
2683 1334 2779 1385 389

545 1429 880 1507 similiter,
909 1436 1028 1498 etc.
1117 1431 1278 1497 Ideo
1306 1431 1608 1517 capiatur
1637 1432 1844 1500 assisa
1873 1430 2053 1496 inter
2072 1451 2209 1506 eos,
2236 1432 2358 1492 etc.
2430 1483 2435 1488 .
2552 1467 2559 1478 ι
2622 1415 2627 1420 ’

640 1533 1108 1620 Recognitores
1139 1538 1498 1613 venerunt,
1516 1535 1633 1618 qui
1663 1533 1744 1599 de
1766 1536 2087 1600 consensu
2118 1530 2561 1617 predictorum

554 1634 836 1702 Abbatis
867 1635 1098 1702 ballivi
1128 1644 1197 1704 et
1225 1637 1473 1703 Thome
1503 1637 1591 1703 ad
1631 1636 1757 1703 hoc
1801 1636 2013 1712 electi,
2042 1635 2231 1700 triati
2262 1639 2331 1698 et
2360 1632 2563 1696 iurati

555 1738 788 1805 dicunt
816 1761 1014 1826 super
1034 1744 1518 1806 sacramentum
1541 1761 1760 1816 suum,
1779 1738 1958 1826 quod
1977 1737 2313 1825 predictus
2334 1735 2563 1802 Abbas

547 1846 624 1908 et
652 1843 1132 1929 predecessores
1154 1844 1278 1921 sui,
1297 1865 1340 1910 a
1361 1849 1656 1931 tempore
1683 1864 1814 1927 quo
1843 1864 1980 1908 non
2008 1847 2199 1908 extat
2228 1841 2563 1915 memoria,

555 1947 826 2012 fuerunt
853 1948 1062 2013 seisiti
1103 1947 1185 2013 de
1227 1947 1496 2014 redditu
1539 1945 1856 2034 predict0‚
1888 1950 1968 2012 ut
1996 1945 2076 2011 de
2106 1946 2248 2011 iure
2278 1943 2565 2010 Ecclesie

552 2071 674 2114 sue
701 2049 992 2136 predicte
1020 2073 1138 2136 per
1167 2073 1404 2116 manus
1425 2051 1873 2135 cuiuscunque
1894 2048 2182 2114 tenentis
2203 2046 2565 2112 tenementi

555 2155 854 2239 predicti.
943 2155 1033 2221 Et
1061 2155 1240 2241 quod
1269 2153 1538 2240 quidam
1571 2153 1900 2219 Iohannes
1930 2152 2150 2218 Abbas
2194 2173 2406 2238 nuper
2440 2151 2567 2217 loci

553 2255 850 2342 predicti,
909 2262 1203 2344 tempore
1263 2258 1480 2344 Regis,
1530 2263 1599 2322 et
1659 2256 1995 2323 Walterus
2054 2277 2266 2341 nuper
2323 2255 2571 2348 Abbas,

555 2367 851 2446 tempore
875 2361 1074 2447 Regis
1099 2361 1393 2439 Hem-ici,
1416 2365 1486 2427 et
1505 2360 1814 2426 similiter
1836 2381 2063 2425 omnes
2086 2359 2568 2446 predecessores

557 2463 837 2549 predicti
880 2485 1058 2530 nunc
1087 2463 1367 2529 Abbatis
1409 2463 1688 2528 fuerunt
1729 2463 1944 2528 seisiti
1987 2462 2069 2528 de
2112 2461 2379 2527 redditu
2423 2483 2568 2547 pre·

551 2566 758 2644 diem,
816 2573 886 2632 et
941 2565 1119 2633 idem
1177 2589 1356 2633 nunc
1401 2567 1624 2632 Abbas
1681 2566 1818 2632 fuit
1877 2567 2146 2632 seisitus
2203 2565 2287 2630 de
2340 2564 2567 2630 eodem

559 2670 844 2750 redditu,
894 2679 972 2736 ut
1014 2670 1098 2736 de
1149 2671 1357 2740 libero
1409 2677 1788 2737 tenemento
1833 2693 1973 2748 su0,
2002 2671 2166 2746 ‘etc.‚
2212 2669 2571 2754 aliquando

561 2796 678 2860 per
734 2780 1164 2860 spontaneam
1223 2774 1624 2840 solucionem
1671 2775 1961 2840 tenentis
2003 2775 2366 2840 tenementi
2406 2777 2574 2860 'pre-7

555 2879 743 2955 dicti,
789 2885 858 2944 et
899 2878 1276 2964 aliquando,
1323 2899 1471 2944 cum
1516 2878 1819 2944 redditus
1868 2878 1984 2944 ille
2040 2899 2083 2944 a
2127 2883 2305 2943 retro
2346 2877 2575 2952 fuerit,

562 3004 682 3070 per
709 2983 1085 3069 capcionem
1116 2982 1569 3060 districcionis,
1598 3003 1940 3070 quousque
1983 2981 2261 3069 predicti
2291 2981 2575 3047 Thomas

559 3092 635 3151 et
685 3086 1091 3173 Reginaldus
1142 3088 1358 3173 ipsum
1422 3086 1755 3151 Abbatem
1807 3086 1965 3150 inde
2016 3087 2265 3151 iniuste
2314 3090 2383 3151 et
2433 3085 2576 3149 sine

564 3189 831 3265 iudicio,
861 3190 932 3253 vi
962 3196 1032 3255 et
1059 3189 1277 3264 armis,
1312 3189 1809 3255 disseisiverunt
1851 3188 1935 3253 ad
1979 3188 2340 3274 dampnum
2371 3188 2577 3274 ipsius

569 3291 845 3357 Abbatis
875 3292 1156 3378 triginta
1184 3292 1560 3357 solidorum.
1605 3290 1697 3356 Et
1726 3292 1903 3378 quod
1932 3292 2231 3379 predicta
2254 3290 2577 3356 Katerina
2605 3338 2645 3388 0
2648 3336 2738 3387 ath
2740 3336 2845 3386 erin
2848 3352 2877 3387 e
2914 3342 3007 3387 not

567 3416 703 3461 non
730 3395 1046 3461 interfuit
1075 3395 1416 3461 disseisine
1443 3396 1740 3482 predicte
1784 3394 2115 3482 capiende.
2238 3396 2398 3460 Ideo
2427 3417 2579 3461 con·
2603 3402 2911 3466 implioeoed.

566 3498 930 3565 sideratum
950 3504 1068 3575 est,
1091 3501 1266 3585 quod
1288 3499 1624 3585 predictus
1646 3498 1874 3565 Abbas
1903 3505 2244 3585 recuperet
2272 3499 2579 3564 seisinam
2610 3541 2814 3591 Verdiet
2826 3542 2907 3592 for
2918 3541 3009 3592 the

562 3625 754 3668 >suam
776 3602 857 3667 de
878 3603 1148 3670 redditu
1167 3603 1462 3689 predicto
1492 3625 1608 3690 per
1629 3604 1847 3667 visum
1868 3604 2354 3689 recognitorum
2378 3603 2581 3667 assise
2608 3607 2796 3658 Abbat-

569 3706 876 3792 predicte.
966 3705 1055 3771 Et
1099 3700 1404 3792 dampna'
1432 3727 1554 3771 sua
1599 3705 1897 3788 predicta
1939 3728 2056 3791 per
2084 3690 2407 3771 iuratores
2436 3728 2580 3793 pre·
2608 3738 2709 3787 30,‚
2735 3738 2985 3802 damage-⁵.

566 3810 780 3875 dictos
809 3810 894 3874 ad
939 3810 1223 3896 triginta
1251 3808 1494 3875 solidos
1523 3814 1861 3875 taxantur.
1952 3810 2039 3874 Et
2082 3810 2259 3896 quod
2302 3810 2580 3895 predicti

570 3914 854 3979 Thomas
898 3918 967 3978 et
1013 3912 1420 3997 Reginaldus
1451 3912 1584 4000 'pro
1635 3912 1981 3978 disseisina
2022 3892 2385 4003 capiantur.
2492 3916 2584 3979 Et

566 4006 904 4102 predictus
933 4016 1155 4081 Abbas
1187 4020 1258 4081 in
1303 4017 1749 4082 misericordia
1791 4039 1912 4103 pro
1954 4017 2123 4083 falso
2153 4017 2433 4084 clamore
2462 4041 2582 4107 suo

567 4140 794 4185 versus
826 4118 1196 4219 predictam·
1218 4121 1628 4198 Katerinam‚
1657 4143 1784 4207 que
1813 4122 2190 4217 acquietata
2218 4129 2340 4202 est,
2369 4130 2493 4189 etc.

569 4368 946 4435 Convoncio
989 4370 1174 4435 inter
1217 4366 1534 4435 Abbatem
1578 4368 1658 4435 de
1701 4368 2006 4437 Bmcria
2049 4378 2109 4438 et
2164 4357 2580 4439 Willelmwm
2607 4382 2920 4435 ccccxvl.

1366 4470 1424 4540 lc
1466 4472 1770 4539 Broume.

639 4612 854 4687 ‚Anno
909 4610 1101 4698 regni
1162 4610 1366 4698 Regis
1439 4610 1790 4689 Edwardi,.
1828 4611 1953 4677 filii
2012 4612 2212 4699 Regis
2284 4568 2755 4689 Henrici‚12oe,

573 4715 886 4783 vicesimo
959 4718 1218 4800 quarte,
1290 4714 1603 4780 convenit
1672 4714 1850 4781 inter
1945 4715 2309 4801 Religiosos
2388 4716 2580 4795 Viros
2608 4702 2840 4817 ffiffi
2862 4704 3007 4819 13:33

568 4818 915 4889 dominum
961 4818 1290 4904 Rogerum
1336 4816 1666 4885 Abbatem
1717 4818 1804 4885 de
1834 4818 2125 4887 ‚Bi-ucria·
2170 4825 2240 4885 et
2286 4820 2575 4886 eiusdem
2608 4832 2834 4899 (Bu-own)
2885 4834 2941 4885 οε
