3731 6032
2099 1000 2222 1061 124

1146 1156 1395 1221 nenciis
1418 1157 1486 1218 in
1512 1156 1787 1221 Gretton
1810 1157 1967 1221 dare
1989 1159 2196 1241 possit
2219 1142 2288 1221 et
2315 1157 2644 1238 assignare
2669 1156 2924 1220 dilectis
2949 1150 3157 1215 Nobis

1145 1260 1209 1322 in
1260 1258 1545 1337 Christo,
1590 1259 1833 1325 Abbati
1880 1266 1948 1325 et
2022 1261 2392 1326 Conventui
2464 1260 2544 1325 de
2607 1255 3156 1345 Wynchecumbe‚

1146 1362 1499 1427 Habenda-s
1530 1368 1598 1428 et
1626 1363 1945 1428 tenendas
1991 1364 2236 1429 eisdem
2282 1364 2529 1429 Abbati
2583 1368 2650 1427 et
2681 1360 3056 1428 Conventui
3087 1361 3156 1421 et

1141 1462 1615 1530 successoribus
1644 1466 1801 1539 sui&
1831 1468 2319 1549 imperpetuum
2351 1489 2368 1541 3
2415 1474 2483 1531 et
2528 1467 2770 1530 eisdem
2807 1462 3050 1527 Abbati
3085 1464 3153 1523 et

1144 1567 1535 1645 Conventui,
1567 1568 1740 1651 quod
1764 1570 2091 1655 predictos
2123 1579 2382 1655 terram,
2401 1570 2753 1642 redditum,
2785 1575 2851 1633 et
2881 1572 3148 1652 pratum

1142 1692 1183 1734 a
1240 1672 1498 1756 prefato
1564 1672 1707 1737 Elia
1768 1674 2052 1759 recipere
2107 1675 2380 1760 possint,
2439 1682 2665 1737 tenore
2726 1670 3151 1757 presencium,

1140 1776 1463 1851 similiter,
1524 1777 1859 1842 licenciam
1911 1778 2326 1843 concedimus
2371 1777 2738 1862 specialem.
2830 1773 3149 1839 Nolentes

1140 1880 1311 1965 quod
1372 1880 1704 1965 predictus
1766 1881 1946 1945 Elias
2003 1887 2124 1947 aut
2185 1880 2455 1945 heredes
2517 1882 2638 1954 sui,
2695 1901 2807 1944 seu
2873 1874 3150 1962 predicti

1138 1982 1363 2047 Abbas
1394 1988 1463 2047 et
1482 1982 1863 2049 Conventus
1899 1984 2000 2048 vel
2033 2005 2428 2050 successores
2473 1984 2595 2059 sui,
2627 1984 2885 2047 racione
2913 1979 3149 2045 statuti

1135 2087 1362 2161 nostri,
1392 2107 1509 2168 per
1538 2108 1657 2151 nos
1689 2088 1789 2152 vel
1842 2087 2112 2152 heredes
2161 2091 2418 2153 nostros
2471 2087 2626 2151 inde
2658 2086 3148 2151 occasionentur

1136 2189 1203 2251 in
1266 2189 1504 2274 aliquo,
1562 2212 1677 2255 seu
1739 2195 2116 2276 graventur.
2207 2191 2424 2255 Salvis
2477 2196 2702 2256 tamen
2757 2187 3149 2275 capitalibus

1143 2291 1425 2355 dominis
1448 2292 1627 2357 feodi
1670 2293 1847 2358 illius
1878 2295 2168 2359 serviciis
2199 2294 2349 2359 inde
2394 2294 2635 2357 debitis
2684 2298 2752 2357 et
2803 2291 3151 2357 consuetis-

1134 2393 1216 2458 In
1274 2396 1462 2459 cuius
1520 2397 1615 2461 rei
1675 2398 2129 2462 testimonium
2191 2397 2310 2461 has
2371 2397 2628 2462 litteras
2687 2402 2944 2461 nostras
3004 2394 3147 2458 fieri

1130 2498 1407 2563 fecimus
1461 2508 1779 2585 potentes.
1903 2503 2097 2567 Teste
2148 2502 2404 2588 Meipso
2457 2500 2638 2585 apud
2703 2500 3146 2565 Westmonas-

1130 2603 1369 2666 terium
1394 2628 1407 2682 ;
1471 2604 1755 2670 secundo
1817 2606 1922 2670 die
1982 2605 2406 2679 Decembri-‘33
2472 2626 2647 2669 anno
2699 2605 2884 2689 regni
2938 2602 3144 2667 nostri

1131 2726 1457 2771 vlces1m0.

698 3005 891 3056 LXIII.
1194 2992 1402 3058 Carta
1448 2992 1651 3077 Reyis
1693 3013 1822 3076 pro
1869 2998 2053 3058 terra
2097 2990 2498 3074 Baldcwyne
2542 2991 2627 3056 in
2675 2988 3100 3074 Honyborne.

698 3137 1100 3188 49Edward111.
1220 3130 1583 3195 Edwardus
1636 3131 1755 3194 Dei
1819 3133 2059 3211 gracia,
2118 3129 2266 3193 Rex
2323 3130 2560 3212 Anglie
2621 3135 2689 3193 et
2753 3127 3020 3191 Francie
3079 3133 3148 3192 et

698 3205 729 3251 ⁵
754 3203 872 3252 Feb.
903 3205 1041 3254 1375.
1127 3233 1430 3297 dominus
1469 3234 1801 3308 Hibernie,
1835 3233 2181 3310 OmnibuS‚
2215 3234 2301 3296 ad
2347 3254 2512 3317 quos
2558 3237 2892 3318 presentes
2924 3231 3144 3294 littere

1124 3339 1566 3418 pervenerint,
1601 3337 1919 3402 Salutem.
2009 3337 2195 3401 Licet
2249 3336 2330 3400 de
2381 3337 2651 3400 consilio
2706 3337 2887 3420 regni
2934 3334 3145 3398 nostri

1126 3443 1357 3526 Anglie
1376 3447 1703 3506 statutum
1730 3441 1838 3518 sit,
1860 3438 2038 3524 quod
2067 3459 2200 3503 non
2226 3439 2424 3504 liceat
2448 3439 2624 3503 Viris
2647 3438 2996 3524 Religiosis
3024 3458 3142 3501 seu

1122 3546 1269 3609 aliis
1330 3543 1585 3631 ingredi
1646 3543 1915 3608 feodum
1965 3543 2268 3621 alicuiu8‚
2326 3542 2436 3607 Ita
2493 3542 2670 3628 quod
2728 3541 2813 3605 ad
2873 3562 3144 3606 manum

1122 3652 1450 3713 mortuam
1500 3648 1811 3712 deveniat
1870 3647 2012 3713 sine
2095 3646 2368 3712 licencia
2426 3651 2654 3711 nostra
2710 3651 2778 3710 et
2837 3644 3141 3731 capitalis

698 3778 906 3826 Licenoe
929 3783 983 3826 to
1126 3751 1376 3816 domini
1408 3752 1489 3818 de
1536 3772 1666 3836 quo
1696 3773 1799 3814 res
1846 3751 1964 3815 illa
2012 3751 2391 3815 immediate
2437 3755 2742 3828 tenetur3
2799 3749 2881 3813 de
2911 3749 3144 3834 gratia,

692 3842 1095 3970 ffissmgzaffiffin
1123 3860 1363 3929 tamen,
1422 3859 1646 3920 nostra
1708 3854 1994 3940 speciali,
2061 3859 2130 3919 et
2182 3875 2301 3940 pro
2377 3854 2622 3939 viginti
2683 3852 2927 3928 solidis,
2979 3871 3143 3937 quos

693 3974 749 4021 of
796 3946 999 4020 v’veston
1125 3956 1399 4021 dilectus
1452 3956 1643 4020 nobis
1704 3957 1775 4020 in
1850 3957 2129 4032 Christo,
2185 3956 2408 4021 Abbas
2468 3957 2550 4020 de
2611 3955 3142 4042 Wynchecumbe

699 4039 1008 4099 Underegge,
1046 4043 1099 4086 ²⁰
1126 4059 1335 4125 Nobis
1395 4059 1614 4128 solvit,
1662 4061 2097 4125 concessimus
2157 4066 2224 4126 et
2277 4060 2621 4125 licenciam
2673 4061 2971 4124 dedimus
3022 4081 3142 4146 pro

696 4111 846 4164 grant
900 4111 953 4150 to
1010 4103 1098 4150 the

696 4169 958 4295 fn‘gmssg',
979 4183 1094 4264 pay·
1126 4163 1335 4228 Nobis
1396 4170 1464 4228 et
1522 4162 1874 4228 heredibus
1936 4165 2193 4240 nostrie,
2243 4169 2568 4249 quantum
2619 4166 2691 4228 in
2758 4164 2960 4228 Nobis
3020 4168 3138 4242 est,

693 4313 966 4360 mossuage,
1070 4250 1098 4280 '¹
1126 4267 1373 4332 Thome
1409 4266 1690 4353 Bisshop
1720 4267 1803 4331 de
1834 4267 2109 4332 Weston
2131 4267 2540 4354 Underegge,
2563 4267 2937 4353 Capellano‚
2967 4269 3141 4353 quod

693 4363 1099 4477 ᾖῗιξθᾶέθὲἑῑωέῐέξ
1124 4373 1264 4456 ipse
1324 4370 1674 4436 concedere
1735 4372 1959 4457 possit,
2025 4371 2202 4456 quod
2263 4393 2467 4436 unum
2529 4373 2957 4457 mesuagium,
3009 4393 3143 4437 una

694 4495 917 4541 meadow
979 4494 1031 4541 in
1125 4476 1387 4558 virgata
1438 4484 1608 4539 terre
1654 4480 1722 4540 et
1772 4481 1905 4539 tres
1955 4497 2099 4540 acre
2147 4477 2324 4560 prati
2383 4497 2528 4540 cum
2584 4477 3008 4561 pertinenciis
3068 4477 3141 4539 in

690 4559 1097 4672 Ξῗῃῇζωὲἓξώ
1126 4579 1554 4664 Honyborne,
1628 4601 1755 4662 que
1831 4578 1912 4642 de
1987 4579 2191 4644 Nobis
2265 4600 2398 4643 non
2471 4585 2798 4656 tenentur,
2873 4585 2942 4644 et
3015 4601 3141 4665 que

691 4689 757 4801 {1}-
788 4690 991 4802 {ffihoer
1124 4682 1457 4748 Walterus
1492 4681 1894 4768 Baldewyne
1926 4688 1993 4747 et
2028 4682 2361 4759 Gunnora,
2393 4705 2559 4748 uxor
2588 4684 2748 4760 eiuS,
2779 4687 3011 4748 tenent
3053 4683 3142 4749 ad

696 4817 921 4868 Baldwin
996 4820 1095 4867 and
1127 4787 1331 4852 vitam
1355 4789 1646 4873 ipsorum
1670 4787 1949 4852 Walteri
1973 4794 2041 4853 et
2062 4787 2373 4852 Gunnore
2393 4789 2472 4852 de
2490 4787 2754 4874 prefato
2772 4786 3041 4864 Thoma,
3071 4792 3141 4853 et

691 4887 937 4933 Gunnora
1018 4883 1095 4933 ΜΒ
1122 4911 1250 4976 que
1310 4895 1460 4976 post
1512 4897 1789 4957 mortem
1844 4892 2133 4977 ipsorum
2189 4891 2464 4956 Walteri
2512 4897 2581 4955 et
2630 4891 2943 4956 Gunnore
2996 4890 3134 4975 [ad]
