3731 6032
1449 974 1578 1039 433

502 1137 903 1207 ludentum
946 1140 1145 1221 *facta
1204 1141 1392 1207 inter
1456 1140 1865 1207 Nioholaum
1925 1136 2007 1205 de
2069 1132 2402 1204 Evesham
2462 1143 2521 1203 et
2549 1146 2811 1200 cccclv,
2919 1154 2932 1171 ·

504 1284 521 1305 -·
591 1251 973 1319 Iohannem
1014 1250 1455 1319 Mabmeehull
1514 1258 1573 1319 et
1628 1250 2046 1317 Willelmwm
2107 1248 2519 1317 Gkabbenore

591 1361 675 1429 de
717 1365 1090 1451 mewayio,
1133 1364 1318 1451 quod
1360 1370 1451 1431 est
1493 1364 1579 1431 in
1623 1362 1995 1447 Haylstret.

595 1508 835 1575 Pateat
867 1510 1195 1576 universis
1224 1531 1343 1596 per
1371 1514 1725 1597 presentes,
1744 1508 1945 1593 quod,
1966 1508 2122 1574 licet
2147 1506 2518 1573 Nicholaus
2550 1522 2614 1597 13
2646 1518 2769 1568 Mar.
2803 1518 2947 1580 1373.

506 1619 783 1687 Kareles
816 1621 897 1687 de
922 1622 1250 1688 Evesham
1282 1626 1352 1688 et
1369 1600 1685 1697 Iohanna,
1708 1642 1879 1685 uxor
1901 1621 2061 1696 ciue,
2081 1620 2521 1685 concesserint
2545 1584 2952 1709 {¹ssssoeffi}⁰⁸

504 1732 693 1798 nobis
740 1732 1025 1799 Iohanni
1070 1732 1531 1799 Malmeshulle
1591 1738 1662 1799 et
1706 1732 2038 1797 Willelmo
2085 1730 2517 1797 Chabbenore
2545 1716 2840 1838 {22³3ss
2840 1715 2948 1829 0¹11}

507 1844 673 1909 duos
724 1844 967 1910 solidos
1019 1849 1089 1910 et
1138 1866 1257 1910 sex
1306 1845 1608 1910 denarios
1659 1844 1966 1910 annualis
2017 1842 2318 1909 redditus
2373 1864 2517 1927 per·
2547 1844 2874 1895 Mnlmeshuu

505 1955 795 2041 cipiendi
839 1955 920 2020 de
952 1956 1289 2042 mesuagio
1316 1977 1437 2020 suo
1465 1956 1645 2041 apud
1681 1953 2307 2041 Wynchecumbam,
2338 1954 2514 2040 quod
2545 1910 2892 2035 3233>ss

505 2067 774 2154 quidem
818 2068 1231 2154 mesuagium
1277 2069 1600 2134 situatum
1646 2072 1748 2133 est
1791 2070 1864 2132 in
1925 2066 2278 2153 Haylstret
2339 2068 2516 2132 inter
2544 2041 2946 2155 &⁰⁶33an

507 2184 965 2245 tenementum
1038 2180 1289 2245 'rhome
1362 2178 1732 2264 Cobberley
1802 2201 1888 2244 ex
1963 2183 2150 2265 parte
2224 2199 2384 2254 una,
2447 2182 2517 2243 et
2543 2177 2660 2286 ἓξὲξ
2698 2171 2947 2300 ἱξῖῡῗῐηῗ

507 2292 918 2378 mesuagium
962 2290 1281 2357 Iohannis
1324 2292 1551 2357 Benne
1596 2314 1681 2356 ex
1724 2296 1914 2376 parte
1955 2289 2188 2371 altera,
2216 2295 2415 2378 prout
2445 2292 2516 2355 in
2544 2302 2949 2350 stroetbetween

506 2403 792 2490 quadam
833 2408 1019 2469 carta
1062 2403 1472 2469 feoffamenti
1516 2403 1672 2469 inde
1716 2402 2018 2469 confecta.
2060 2404 2320 2489 plenius
2363 2424 2517 2468 con·
2543 2366 2944 2495 ἶξωζῃὲοῗῐξῖζ

507 2516 783 2591 tinetur,
830 2514 1232 2580 Habendum
1282 2519 1351 2580 et
1395 2515 1889 2602 percipiendum
1920 2518 2138 2581 totum
2181 2514 2516 2580 redditum
2547 2498 2722 2546 ¹³⁰¹²¹¹⁰

508 2627 879 2714 predictum
927 2626 1133 2705 nobie,
1181 2626 1533 2692 heredibus
1578 2631 1646 2692 et
1696 2628 2049 2709 assignatis
2091 2627 2354 2703 nostris,
2399 2627 2524 2692 im-

507 2742 942 2825 perpetuum3
981 2738 1288 2803 volumus
1318 2749 1561 2815 tamen,
1582 2742 1651 2803 et
1679 2737 2096 2804 concedimus
2128 2760 2248 2805 nos
2277 2738 2522 2826 prefati

509 2849 841 2916 Iohannes
913 2854 984 2915 et
1044 2849 1419 2915 Willelmus
1478 2854 1547 2915 et
1606 2849 1876 2915 heredes
1936 2852 2163 2927 nostri,
2221 2850 2404 2937 quod
2461 2853 2520 2915 si

510 2960 846 3049 predictus
906 2960 972 3026 Ν
978 2960 1079 3026 ich
1088 2960 1273 3027 olaus
1328 2964 1397 3026 et
1448 2960 1753 3026 Iohanna
1808 2966 1880 3027 et
1930 2960 2204 3028 heredes
2261 2962 2366 3028 sui
2418 2961 2524 3028 vel

512 3073 753 3157 aliquis
805 3072 999 3149 aliae,
1049 3074 1317 3138 nomine
1376 3094 1519 3150 suo,
1562 3073 1781 3139 solvat
1838 3078 1958 3139 aut
2015 3073 2282 3140 solvant
2332 3074 2753 3150 nobis10‚37⁶.

514 3183 797 3250 Iohanni
844 3189 914 3250 et
958 3183 1312 3262 willelmo,
1355 3184 1707 3250 heredibus
1752 3191 1822 3251 et
1863 3185 2219 3271 assignatis
2263 3187 2522 3258 nostris,

513 3297 883 3376 annuatim,
930 3298 1094 3366 duos
1137 3297 1381 3362 solidos
1426 3302 1493 3362 et
1538 3317 1655 3361 sex
1704 3296 2005 3362 denarios
2057 3297 2140 3362 de
2187 3303 2524 3384 mesuagio
2551 3335 2607 3378 to
2649 3327 2784 3378 their
2837 3343 2948 3377 own

512 3409 839 3475 dictorum
872 3409 935 3474 N
942 3409 1183 3476 icholai
1213 3415 1283 3474 et
1312 3406 1627 3485 Iohanne,
1657 3409 1834 3493 quod
1864 3410 2280 3493 mesuagium
2313 3409 2526 3496 nuper
2550 3408 2824 3456 mamogo,
2847 3393 2950 3442 ΜΘ

2551 3459 2952 3522 H.Thorsteyn's

513 3521 652 3587 fuit
696 3520 971 3588 Henrici
1022 3522 1392 3606 Thorsteyn
1443 3519 1769 3586 situatum
1821 3521 1894 3585 in
1940 3521 2307 3587 Beterstret
2347 3522 2525 3588 inter
2549 3524 2958 3640 ὶῑὲἓζὲἱθξὶοέῡ,

511 3638 970 3700 tenementum
1000 3633 1249 3699 Vicarii
1301 3633 1385 3700 de
1417 3632 1960 3719 Wynchecumba
2011 3655 2091 3698 ex
2137 3655 2273 3698 una
2315 3638 2523 3720 parte,
2551 3655 2743 3704 vioer’·
2765 3655 2867 3703 and

513 3751 584 3813 et
611 3751 1067 3812 tenementum
1095 3745 1345 3811 Thome
1388 3743 1677 3812 Sclatter
1720 3767 1807 3809 ex
1848 3744 2064 3810 altera
2105 3749 2314 3832 parte,
2347 3745 2526 3831 quod
2552 3719 2954 3834 aaz-&latuere

511 3845 674 3924 tunc
702 3857 884 3924 dicta
912 3862 1095 3924 carta
1123 3856 1536 3922 feoffamenti
1568 3856 1876 3922 annualis
1920 3856 2219 3922 redditus
2249 3858 2524 3944 percipi-

511 3969 666 4035 endi
697 3969 779 4034 de
809 3969 1146 4055 mesuagio
1178 3969 1249 4033 in
1282 3967 1611 4034 Hailstret
1640 3991 1758 4056 pro
1786 3969 1997 4047 nulla,
2013 3970 2527 4056 imperpetuum,

508 4080 833 4162 habeatur
860 4102 878 4161 ;
923 4081 1048 4157 sin,
1091 4085 1333 4156 autem,
1380 4081 1451 4145 in
1502 4101 1621 4146 suo
1672 4080 1908 4146 robore
1961 4085 2353 4166 perseveret.
2443 4077 2524 4145 In

510 4193 698 4258 cuius
745 4194 842 4257 rei
888 4192 1344 4258 testimonium
1390 4191 1615 4278 sigilla
1662 4195 1894 4259 nostra
1943 4192 2237 4278 presenti
2280 4194 2526 4279 scripto

509 4304 859 4372 indentato
902 4305 1350 4390 apposuimus.
1441 4305 1594 4370 Hiis
1623 4303 1905 4370 testibus
1934 4327 1950 4383 ;
1995 4301 2278 4370 Ricardo
2308 4304 2525 4371 Chab-

515 4417 793 4494 benore;
854 4413 1145 4480 Roberto
1197 4413 1744 4501 Seggesbarewe3
1809 4414 2109 4480 Iohanne
2161 4415 2524 4490 Sclattere3

509 4525 843 4591 willelmo
866 4525 1113 4613 Smyth
1140 4534 1209 4592 et
1233 4527 1531 4592 Iohanne
1557 4526 1757 4594 Clerk
1790 4531 1859 4592 et
1890 4526 2060 4593 aliis.
2149 4527 2325 4593 Data
2346 4529 2525 4615 apud

508 4637 1133 4724 Wynchecumbam,
1192 4637 1301 4704 die
1361 4639 1601 4704 Martis
1666 4639 1977 4723 proxima
2050 4643 2202 4725 post
2274 4638 2524 4705 festum

508 4750 737 4817 Sancti
766 4749 1073 4833 Gregorii
1092 4750 1289 4836 Pape,
1310 4771 1487 4816 anno
1516 4751 1705 4833 regni
1729 4749 1930 4836 Regis
1957 4749 2219 4816 Ricardi
2239 4748 2525 4816 Secundi

507 4865 661 4950 post
691 4861 1142 4948 conquestum
1176 4863 1413 4948 primo.

712 4957 755 5025 3
778 4971 842 5024 H
