3731 6032
863 2683 1002 2733 XVI.

731 2947 760 2992 6
787 2947 920 3012 Pope
953 2950 1129 3001 Urban

2151 973 2235 1038 78

1177 1137 1474 1225 Capituli
1545 1139 1782 1226 sigillis
1855 1139 2134 1216 munitis
2203 1137 2465 1225 plenius
2544 1139 2789 1204 dicitur
2845 1131 3187 1205 contineri.

1171 1241 1336 1319 Nos,
1363 1243 1607 1328 itaque,
1639 1242 1877 1308 vestris
1922 1242 2520 1328 supplicacionibus
2575 1243 2895 1320 inclinati,
2926 1245 3185 1309 ordina-

1165 1346 1419 1412 cionem
1449 1345 1850 1422 huiusmodi‚
1874 1347 2043 1412 sicut
2061 1346 2337 1432 proinde
2368 1351 2436 1411 et
2464 1347 2607 1410 sine
2642 1348 2976 1432 pravitate
3000 1347 3187 1413 facta

1164 1453 1281 1526 est,
1327 1454 1395 1514 et
1467 1449 1554 1512 ab
1599 1453 1881 1533 utraque
1932 1455 2123 1535 parte
2196 1455 2478 1536 recepta,
2530 1455 2744 1514 ratam
2790 1454 2859 1514 et
2917 1463 3182 1535 gratam

1161 1551 1500 1628 habentes,
1530 1552 1713 1618 illam
1747 1553 2157 1619 Auctoritate
2192 1552 2571 1639 Apostolica
2600 1553 3087 1628 confirmamus,
3111 1558 3183 1619 et

1161 1657 1480 1742 presentis
1527 1656 1754 1742 scripti
1783 1656 2150 1743 patrocinio
2180 1657 2681 1722 communimus.
2772 1656 2975 1732 Nulli,
3006 1678 3185 1743 ergo,

1161 1759 1426 1824 omnino
1485 1759 1823 1825 hominum
1886 1758 2084 1825 liceat
2141 1760 2314 1826 hanc
2371 1761 2682 1846 paginam
2742 1764 2966 1824 nostre
3026 1780 3178 1826 con-

1157 1862 1554 1927 firmacionis
1585 1861 1966 1948 infringere,
2012 1862 2119 1927 vel
2150 1863 2210 1928 ei
2239 1883 2407 1927 ausu
2458 1865 2807 1928 temerario
2838 1865 3178 1930 contraire.

1159 1964 1234 2030 Si
1277 1966 1443 2048 quis,
1500 1971 1743 2040 autem,
1793 1967 1918 2031 hoc
1966 1970 2363 2051 attemptare
2408 1967 2898 2051 presumpserit,
2956 1967 3177 2052 indig-

1157 2069 1494 2134 nacionem
1555 2068 2061 2154 ‘Omnipotentis
2132 2069 2257 2133 Dei
2310 2074 2377 2134 et
2438 2070 2795 2134 Beatorum
2860 2070 3038 2135 Petri
3102 2075 3173 2136 et

1156 2171 1364 2248 Pauli,
1443 2171 1911 2258 Apostolorum
1986 2171 2167 2250 Eius,
2238 2193 2309 2238 se
2383 2174 2646 2238 noverit
2727 2173 3169 2238 incursurum.

1156 2275 1407 2340 Datum
1436 2275 1614 2361 apud
1657 2276 1961 2340 Veterem
2005 2274 2281 2354 Urbem,
2311 2274 2473 2340 Idus
2528 2276 2703 2352 Iulii,
2733 2275 3174 2342 Pontificatus

1157 2377 1389 2444 Nostri
1419 2399 1594 2443 anno
1638 2380 1867 2444 tercio.

1155 2663 1348 2752 Pape
1418 2664 1685 2731 Urbani
1753 2663 1872 2730 Vl.
1932 2663 2013 2730 de
2086 2665 2661 2751 appropriacione
2733 2665 3015 2732 Ecclesia
3090 2665 3177 2733 de

1989 2768 2343 2855 Twenynq.

1243 2907 1571 2982 Urbanus,
1616 2907 1997 2992 Episcopus,
2047 2928 2275 2972 servus
2326 2929 2666 2972 servorum
2720 2907 2864 2982 Dei,
2910 2906 3169 2973 dilectis

733 3011 835 3073 VI..
871 3015 933 3065 26
966 3016 1126 3080 April,
1151 3010 1324 3085 filiis,
1349 3009 1594 3075 Abbati
1617 3016 1686 3075 et
1705 3009 2084 3076 Conventui
2110 3010 2492 3076 Monasterii
2511 3010 2593 3076 de
2628 3010 3060 3097 Wynchecom
3070 3012 3169 3089 be,

733 3078 873 3129 1384.

723 3234 790 3281 fo.
819 3234 896 3284 59.

1153 3113 1422 3179 Ordinis
1497 3114 1726 3180 Sancti
1800 3114 2163 3190 Benedicti,
2231 3114 2722 3199 Wygorniensis
2796 3114 3165 3193 DioceseOS,

1151 3218 1450 3283 Salutem
1483 3229 1550 3282 et
1586 3218 2031 3302 Apostolicam
2058 3217 2615 3283 Benedictionem.
2707 3218 2907 3283 Iustis
2938 3231 3166 3305 peten-

731 3338 1092 3392 Oonfirmafion
1150 3321 1319 3385 tium
1395 3320 1733 3385 desideriis
1794 3320 2074 3406 dignum
2155 3326 2257 3385 est
2343 3322 2482 3385 Nos
2558 3320 2826 3387 facilem
2888 3322 3163 3408 prebere

721 3404 774 3452 of
806 3404 896 3455 the
931 3406 1120 3470 Appro-

721 3470 940 3531 priation
957 3472 1012 3521 of
1031 3473 1123 3522 the

723 3534 929 3586 Ohurch
950 3537 1005 3586 of

727 3598 973 3665 Twining.

1147 3446 1501 3497 assensum,
1533 3428 1600 3489 et
1633 3430 1804 3499 vota,
1835 3445 1964 3508 que
2008 3446 2051 3488 a
2094 3425 2371 3489 racionis
2425 3426 2695 3489 tramite
2740 3447 2873 3489 non
2918 3425 3165 3490 discor-

1148 3526 1330 3602 dant,
1352 3527 1588 3592 effectu
1617 3532 2057 3613 prosequente
2086 3528 2432 3614 complere.
2522 3528 2905 3614 Eapropter,
2931 3529 3160 3594 dilecti

1145 3631 1219 3695 in
1277 3630 1562 3695 Domino
1619 3631 1765 3708 filii,
1833 3633 2074 3697 vestris
2131 3632 2689 3717 postulacionibus
2748 3638 2937 3717 grato
3007 3653 3159 3697 con-

1145 3740 1477 3800 currentes
1499 3756 1790 3811 assensu‚
1812 3734 2261 3801 Parochialem
2286 3736 2642 3801 Ecclesiam
2674 3735 2756 3799 de
2788 3737 3157 3821 Twenyng,

1143 3838 1638 3923 Vl'ygorniensis
1689 3838 2049 3908 Dioceseos,
2101 3861 2249 3905 cum
2291 3839 2712 3925 pertinenciis
2755 3840 2918 3913 suis,
2952 3860 3153 3924 quam

1135 3940 1208 4004 in
1237 3963 1394 4005 usus
1426 3941 1721 4026 proprios
1772 3940 2107 4017 obtinetis,
2136 3943 2309 4007 sicut
2352 3963 2431 4006 ea
2478 3943 2651 4007 iuste
2698 3940 3045 4027 possidetis
3079 3946 3148 4006 et

1135 4044 1370 4129 quiete,
1422 4044 1834 4109 Auctoritate
1887 4044 2074 4109 vobis
2119 4045 2495 4131 Apostolica
2548 4045 3031 4122 confirmamus,
3085 4049 3155 4110 et

1132 4148 1454 4232 presentis
1477 4148 1704 4232 scripti
1737 4147 2159 4233 [patrocinio]
2184 4151 2679 4213 communimus.
2736 4148 2941 4223 Nulli,
2967 4170 3149 4234 erg0‚
3198 4231 3203 4239 Ι

1133 4251 1401 4316 omnino
1431 4250 1774 4315 hominum
1807 4252 2004 4317 liceat
2033 4251 2204 4317 hanc
2254 4253 2565 4337 paginam
2617 4251 2680 4314 N
2688 4261 2863 4317 ostre
2894 4251 3153 4317 Confir-

1131 4355 1446 4419 macionis
1490 4353 1870 4439 infringere,
1914 4354 2022 4420 vel
2067 4356 2125 4419 ei
2180 4378 2345 4420 ausu
2400 4356 2749 4421 temerario
2806 4357 3149 4433 contraire.

1132 4458 1206 4523 Si
1265 4459 1432 4542 quis,
1474 4465 1717 4535 autem,
1761 4457 1885 4523 hoc
1936 4463 2333 4545 attemptare
2384 4448 2876 4546 presumpserit,
2922 4459 3141 4545 indig-

1128 4562 1466 4627 nacionem
1528 4561 2021 4646 Omnipotentis
2082 4563 2227 4639 Dei,
2287 4570 2356 4628 et
2416 4564 2769 4628 Beatorum
2830 4563 3010 4627 Petri
3074 4568 3147 4627 et

1127 4663 1335 4741 Pauli,
1349 4664 1807 4750 Apostolorum
1832 4664 2013 4741 Eius,
2024 4688 2093 4729 se
2116 4668 2375 4731 noverit
2396 4667 2834 4731 incursurum.
2885 4666 3142 4730 Datum

1057 4826 1060 4829 .
1126 4768 1351 4843 Rome,
1399 4768 1574 4854 apud
1619 4768 1938 4834 Sanctum
1990 4768 2282 4849 Petrum,
2324 4775 2515 4835 sexto
2568 4768 2903 4835 Kalendas
2952 4768 3138 4847 Maii,

1136 4871 1558 4938 Pontificatus
1591 4870 1821 4937 Nostri
1851 4893 2029 4938 anno
2058 4878 2267 4938 sext0.
