3731 6032
1587 971 1780 1032 lxxxi.

693 1150 967 1227 geldable
1023 1152 1179 1208 from
1236 1169 1301 1226 pe
1344 1149 1539 1210 lordcs
1583 1151 1789 1229 leyton
1843 1151 1972 1209 wall
2019 1152 2082 1208 oi
2129 1149 2353 1227 Longe-

696 1244 895 1307 berow
920 1255 988 1307 to
1014 1267 1081 1324 pe
1108 1255 1281 1308 court
1308 1256 1453 1320 μω,
1486 1257 1623 1308 etc·
1989 1281 2008 1290 —
2334 1281 2357 1294 ·
2437 1248 2646 1307 ccccix.

532 1345 864 1405 Placitade
891 1365 1011 1421 quo
1038 1345 1329 1405 Waranto
1352 1346 1427 1404 de
1460 1346 1947 1425 Wyncheoumba
1974 1354 2037 1406 et
2066 1345 2292 1425 Hayles
2333 1379 2354 1389 —
2434 1363 2620 1405 ccccx.

530 1442 623 1504 Do
650 1443 941 1520 Magistro
968 1441 1189 1502 Mincio
1216 1443 1447 1522 Templi
1474 1444 1551 1504 <10
1585 1444 1907 1502 franchiaia
1969 1427 2007 1487 ’-
2333 1478 2354 1488 -
2436 1443 2648 1502 000011.

532 1541 839 1600 Gilbertus
865 1541 940 1600 de
969 1555 1088 1600 non
1121 1541 1385 1600 valencia
1410 1541 1677 1619 predicte
1704 1540 2025 1615 {ranchisie
2337 1574 2357 1583 -
2439 1541 2668 1600 ccccxii.

532 1639 624 1698 De
649 1635 885 1699 duabus
913 1641 1066 1698 acris
1094 1641 1251 1717 prati
1280 1639 1343 1697 in
1374 1639 1861 1698 Portmenshame
1985 1673 2006 1682 -
2329 1672 2342 1682 -
2432 1639 2684 1698 ccccxiii.

533 1735 755 1810 Quieta.
778 1737 1105 1796 clemencia
1132 1736 1371 1795 Ricardi
1399 1735 1716 1814 Bordesley
1740 1755 1848 1815 pro
1873 1734 2361 1796 Portmenshame
2443 1737 2691 1795 ccccxiv.

535 1833 764 1894 Placita
790 1836 972 1893 assise
1011 1852 1161 1894 nove
1202 1834 1507 1894 disseisine
1548 1836 1708 1894 inter
1733 1829 2034 1894 Abbatem
2063 1833 2354 1913 Wynche—

696 1932 909 1992 cumbe
979 1941 1042 1992 et
1098 1932 1495 2009 Reginaldum
1564 1931 1801 1991 Tanner
1871 1931 1946 1990 de
2017 1931 2228 1991 eadem
2295 1939 2360 1991 et

697 2030 986 2088 'rhomam
1041 2029 1292 2102 Tanner,
1352 2029 1540 2088 fllium
1572 2049 1791 2100 suum,
1858 2038 1924 2089 et
1980 2028 2352 2102 Kana-inam,

696 2146 941 2186 uxorem
996 2147 1183 2198 suam,
1240 2128 1315 2186 de
1368 2127 1683 2186 duodecim
1748 2127 2091 2198 deum-ictis,
2167 2146 2359 2204 nuper
2393 2148 2402 2157 ·

700 2225 944 2302 Wagers
964 2226 1289 2284 tenementi
1312 2225 1371 2283 in
1391 2223 1896 2302 Wynchecumba.
1975 2225 2220 2296 Placita,
2241 2233 2354 2284 etc.
2445 2245 2673 2286 ccccxv.

537 2323 871 2382 Convencio
899 2323 1057 2382 inter
1082 2322 1381 2382 Abbatem
1409 2321 1484 2382 de
1514 2318 1760 2382 Brueria
1788 2329 1853 2381 et
1876 2321 2250 2381 willelmum
2286 2322 2362 2381 de

701 2420 945 2478 Browne
1304 2453 1321 2464 —
1996 2453 2015 2462 -
2341 2454 2362 2462 -
2449 2423 2700 2479 ccccxvi.

539 2517 875 2578 Recordum
946 2525 1201 2594 tangens
1255 2517 1578 2576 Ricardum
1631 2455 1707 2575 de
1765 2517 1995 2576 Norton
2070 2535 2174 2594 pro
2240 2536 2364 2576 uno

702 2613 1060 2675 tenemento,
1149 2616 1393 2688 Placita,
1425 2623 1537 2674 etc.
1649 2649 1670 2658 -
2340 2651 2360 2660 -
2444 2615 2720 2675 ccccxvii.

538 2707 875 2774 Recordum
902 2715 975 2773 de
1018 2721 1363 2772 tenemento
1390 2713 1694 2788 quondam
1722 2712 1963 2772 Ricardi
2005 2713 2081 2770 de
2109 2711 2168 2769 N
2170 2721 2358 2772 orton

698 2810 1044 2882 Concordia,
1075 2819 1189 2870 etc.
2346 2843 2367 2853 -
2449 2811 2741 2870 ccccxviii.

537 2909 595 2968 N
599 2908 866 2968 icholaus
892 2907 1120 2968 Webbe
1145 2907 1221 2968 de
1246 2915 1507 2984 quatuor
1534 2907 1803 2966 solidatis
1830 2908 2018 2966 annui
2048 2907 2320 2966 redditus
2341 2941 2363 2951 -
2445 2910 2692 2968 ccccxix.

536 3007 763 3068 Contra.
789 3006 1117 3084 burgenses
1153 3005 1638 3084 Wyuchecumbe
2002 3039 2022 3049 -
2346 3040 2367 3049 —
2448 3025 2674 3066 ccccxx.

538 3106 720 3165 cart-a
749 3103 1035 3163 willelmi
1078 3104 1277 3163 Drake
1298 3158 1301 3163 .
1319 3103 1395 3163 de
1421 3103 1913 3181 Wynohecumba
1954 3103 2030 3161 de
2071 3103 2150 3162 iii.
2199 3088 2363 3162 tene-

702 3204 923 3261 mentis
1308 3235 1327 3244 -
2345 3232 2363 3243 ·
2449 3202 2699 3259 ccccxxi.

540 3300 724 3360 Carta
770 3299 1055 3359 willelmi
1118 3297 1313 3357 Drake
1366 3316 1475 3376 pro
1530 3298 1834 3373 mesuagio
1901 3298 2072 3356 iuxta
2144 3305 2366 3357 terram

708 3397 947 3456 Peticru
1306 3430 1327 3439 -
1995 3430 2014 3437 -
2340 3429 2361 3438 ·
2443 3396 2710 3455 ccccxxii.

539 3497 723 3556 Carta.
748 3496 1124 3574 Addrewyne
1152 3497 1227 3555 de
1254 3495 1595 3555 molendino
1620 3494 1696 3554 de
1726 3494 1906 3554 Cotes
1997 3530 2016 3541 -
2342 3528 2362 3537 -
2445 3496 2734 3554 ccccxxiii.

539 3595 721 3654 Can-a
746 3592 1121 3672 Addrewyne
1152 3592 1227 3652 de
1256 3592 1594 3652 molendino
1626 3591 1701 3651 de
1732 3590 1914 3651 Cotes
1995 3624 2016 3633 -
2342 3624 2360 3659 ‚—
2441 3592 2728 3651 ccccxxiv.

538 3692 720 3752 Carta
745 3692 949 3767 quiete
975 3691 1296 3750 clamancie
1326 3690 1597 3767 magistri
1624 3688 1910 3749 willelmi
1938 3688 2014 3747 de
2045 3688 2228 3747 Bosco
2342 3722 2362 3731 -
2443 3707 2709 3747 ccccxxv.

540 3790 635 3849 De
662 3787 1002 3848 molendino
1028 3788 1347 3847 fullonario
1372 3787 1447 3846 de
1477 3788 1644 3847 Cotis
2339 3819 2358 3829 -
2439 3788 2727 3845 ccccxxvi.

538 3888 759 3962 Quieta
798 3886 1124 3945 clemencia
1166 3884 1431 3944 Iohanne
1463 3884 1693 3944 Russell
1734 3884 1810 3944 de
1848 3883 1992 3943 dote
2035 3883 2362 3942 molendini
2575 3952 2580 3957 ,

701 3984 1005 4043 fullonarii
1033 3984 1095 4041 in
1125 3983 1318 4055 Cotes,
1349 3982 1507 4059 quod
1534 3980 1832 4059 Aderwyn
1864 3988 2035 4041 tenet
2348 4015 2368 4023 -
2449 3983 2761 4053 ccccxxvii.

542 4082 631 4141 De
658 4082 852 4160 placia
878 4083 1049 4140 iuxta
1075 4078 1483 4139 molendinum
1508 4079 1764 4138 Abbatis
2347 4112 2366 4121 -
2447 4080 2779 4138 ccccxxviii.

540 4179 725 4239 Carta
752 4178 1035 4237 Iohannis
1063 4178 1201 4237 Coci
1240 4176 1317 4236 de
1357 4184 1703 4236 tenemento
1742 4177 1915 4264 iuxta.
1955 4175 2364 4236 molendinum

703 4275 958 4335 Abbatis
2345 4306 2365 4317 ·
2447 4274 2732 4333 ccccxxix.

540 4373 763 4447 Quieta.
785 4374 1112 4432 alamannia
1140 4364 1440 4432 Hodiern'e
1468 4372 1542 4431 de
1570 4368 1703 4431 iiid·
1728 4382 1901 4451 parte
1928 4372 2162 4451 gardini
2195 4371 2366 4430 iuxta

702 4480 987 4547 stagnum
1018 4470 1341 4529 molendini
2349 4502 2368 4511 -
2449 4487 2712 4528 ccccxxx.

540 4568 727 4628 Carta
754 4568 883 4628 Ade
910 4568 985 4627 de
1013 4567 1279 4646 Greyvul
2341 4599 2360 4608 -
2441 4566 2725 4625 ccccxxxi.

543 4665 847 4744 Scriptum
876 4664 1075 4724 Iacobi
1113 4664 1487 4744 Adderwyne
1648 4702 1667 4711 -
2345 4697 2365 4705 -
2447 4664 2755 4722 ccccxxxii.

543 4762 849 4841 Scriptum
879 4764 1164 4822 Iohannis
1193 4762 1485 4822 Chalener
1511 4758 1587 4823 de
1611 4762 2104 4840 Wynchecumba
2343 4796 2362 4803 -
2445 4762 2773 4820 ccccxxxiii.
2849 4762 2856 4768 ’

548 4860 734 4920 Cart-h
752 4860 1039 4921 willelmi
1069 4860 1324 4919 Ferrour
1349 4860 1424 4920 de
1451 4868 1796 4921 tenemento
1834 4862 1910 4921 de
1937 4860 2103 4920 Cotis
2345 4892 2366 4901 ·
2447 4860 2769 4918 ccccxxxiv.
2821 4862 2828 4873 '
