3731 6032
1469 925 1598 990 439

525 1097 854 1159 venerunt
881 1099 1021 1159 tam
1065 1091 1402 1180 predictus
1428 1091 1655 1157 Abbas
1697 1111 1816 1175 per
1860 1095 2275 1158 attornatum
2320 1113 2536 1169 suum,

517 1216 724 1280 quam
753 1195 1087 1280 predictus
1119 1195 1414 1280 Roget-us
1457 1193 1863 1280 Receyvour,
1911 1194 2030 1281 qui
2058 1216 2177 1282 per
2221 1193 2542 1260 defaltam

527 1299 793 1366 Ricardi
844 1299 927 1366 de
971 1299 1371 1385 Webbeleye
1416 1298 1502 1366 de
1532 1297 2078 1384 Wynchecumba
2128 1304 2199 1364 et
2244 1299 2545 1384 Agnetis,

525 1404 752 1470 uxoris
797 1404 938 1470 eius
981 1403 1307 1469 admissus
1352 1407 1455 1468 est
1497 1402 1584 1467 ad
1630 1401 2083 1468 defensionem
2114 1402 2279 1467 iuris
2324 1402 2427 1467 sui
2472 1403 2545 1466 in

523 1508 792 1594 propria
807 1527 1088 1594 persona
1103 1527 1248 1572 sua:
1279 1510 1372 1584 ut,
1390 1505 1713 1582 similiter,
1722 1503 2057 1571 Iuratores
2074 1505 2161 1571 ad
2182 1504 2306 1571 hoc
2328 1504 2544 1580 electi,

522 1610 715 1675 triati
745 1614 814 1676 et
842 1609 1046 1675 iurati
1071 1614 1414 1686 venerunt,
1436 1608 1553 1694 qui
1583 1607 1818 1674 dicunt
1837 1629 2039 1695 super
2060 1614 2544 1674 sacramentum

516 1735 739 1792 suum,
786 1712 964 1798 quod
1006 1712 1276 1798 quidam
1322 1711 1651 1778 Iohannes
1697 1711 2167 1786 BromesshulL
2210 1711 2546 1797 quondam
2572 1727 2715 1782 John
2746 1729 2973 1779 Bromu-

532 1819 749 1884 tenuit
805 1817 1217 1904 mesuagium
1277 1815 1650 1903 predictum
1707 1814 1791 1880 de
1848 1814 2149 1902 predicto
2209 1814 2542 1880 Willelmo
2573 1794 2759 1910 {22¹5ss
2789 1793 2979 1908 ‘3¹32ss

527 1942 742 2007 nuper
799 1921 1062 1986 Abbate
1125 1920 1251 1987 loci
1311 1919 1590 2007 predicti
1649 1940 1769 2005 per
1825 1919 2178 1986 servicium
2253 1918 2538 1983 duorum
2575 1923 2978 1975 Abbatwfflinm

517 2025 886 2091 solidorum
939 2047 1054 2111 per
1099 2045 1374 2102 annum,
1425 2021 1891 2088 solvendorum
1950 2021 2037 2087 ad
2089 2021 2267 2088 fosta
2310 2021 2548 2087 Sancti
2574 1991 2761 2110 ἕπῃ
2803 1988 2977 2054 ”⁸¹¹5

531 2129 809 2194 Martini
839 2130 912 2193 in
942 2127 1151 2194 Yeme
1183 2132 1251 2194 et
1280 2128 1697 2193 Pentecostes
1731 2147 1847 2213 per
1877 2125 2141 2212 equales
2194 2127 2553 2212 porciones,

531 2239 612 2296 ut
669 2233 752 2297 de
809 2233 952 2298 iure
1014 2231 1299 2299 Ecclesie
1356 2253 1474 2296 sue
1533 2229 1715 2295 infra
1772 2235 2098 2308 contento,
2162 2229 2245 2294 de
2303 2229 2550 2315 quibus

523 2337 825 2402 serviciis
869 2335 1044 2401 idem
1075 2335 1448 2400 Willelmus
1475 2355 1692 2419 nuper
1722 2333 1951 2399 Abbas
1994 2334 2127 2398 fuit
2154 2333 2438 2410 seisituS,
2466 2337 2549 2398 ut

524 2439 616 2504 -de
677 2439 820 2504 iure
877 2438 1164 2505 Ecclesie
1237 2460 1355 2503 sue
1413 2436 1748 2524 predicte3
1824 2445 1910 2513 et,
1985 2437 2215 2516 eciam,
2272 2436 2546 2522 quidam

539 2541 869 2607 Walterus
897 2563 1110 2626 nuper
1125 2540 1346 2606 Abbas
1367 2541 1494 2606 loci
1517 2539 1817 2628 predicti,
1838 2539 2253 2626 predecessor
2269 2539 2551 2627 predicti

535 2667 715 2712 nune
743 2645 1044 2724 Abbatis,
1071 2645 1209 2710 fuit
1251 2645 1516 2710 seisitus
1560 2644 1644 2711 de
1670 2645 1969 2710 serviciis
1999 2645 2330 2731 predicti8‚
2361 2650 2440 2709 ut
2468 2644 2549 2710 de

527 2751 680 2814 iure
709 2749 994 2815 Ecclesie
1021 2771 1138 2814 sue
1156 2747 1466 2835 predicte,
1482 2752 1778 2834 tempore
1805 2747 2080 2814 Henrici
2102 2747 2299 2834 Regis
2316 2747 2550 2834 proavi
2577 2770 2687 2821 'rho
2750 2765 2981 2825 Abbateu

537 2853 791 2919 domini
827 2853 1022 2939 Regis
1049 2873 1228 2918 nunc
1251 2874 1270 2928 3
1315 2855 1402 2927 et,
1420 2851 1749 2930 similiter,
1769 2856 1929 2916 ante
1959 2852 2176 2938 ipsum
2200 2851 2550 2928 Abbatem,
2576 2835 2859 2954 gssssofiriff
2878 2833 2976 2883 ³¹¹²·

529 2957 821 3045 quilibet
849 2955 1076 3022 Abbas
1106 2956 1231 3022 loci
1259 2955 1540 3041 predicti
1569 2975 1747 3021 nunc
1776 2954 2062 3021 Abbatis
2081 2955 2549 3043 [predecessor]

530 3062 624 3126 de
653 3058 912 3126 Abbate
956 3063 1030 3125 in
1069 3059 1418 3139 Abbatem,
1450 3058 1589 3125 fuit
1632 3060 1898 3124 seisitus
1942 3058 2025 3123 de
2067 3060 2363 3124 serviciis
2405 3080 2553 3146 pre-

541 3166 756 3242 dictis,
785 3169 862 3230 ut
891 3164 973 3229 de
1002 3164 1145 3229 iure
1179 3163 1460 3231 Ecclesie
1503 3184 1622 3228 sue
1667 3161 1981 3250 predicte,
2011 3184 2053 3227 a
2098 3166 2395 3250 tempore
2424 3184 2555 3250 quo

538 3290 677 3335 non
698 3273 887 3333 extat
909 3267 1245 3333 memoria.
1291 3266 1381 3331 Et
1400 3267 1647 3341 dicunt,
1669 3266 1848 3351 quod
1870 3266 2209 3352 predictus
2227 3265 2555 3331 Iohannes
2582 3285 2805 3338 Eaeheat
2842 3290 2899 3334 ω

545 3370 962 3437 Bromeshull
979 3370 1110 3436 fuit
1125 3369 1503 3448 bastardum
1531 3374 1600 3435 et
1621 3369 1790 3435 obiit
1807 3370 1951 3435 sine
1970 3368 2211 3434 herede
2233 3370 2314 3435 de
2332 3390 2419 3447 se,
2440 3390 2559 3455 per
2582 3349 2919 3475 ffssmssffi‘:

542 3476 721 3562 quod
764 3474 1096 3562 predictus
1127 3473 1500 3538 Willelmus
1543 3494 1756 3559 nuper
1785 3472 2013 3538 Abbas
2057 3473 2315 3539 seisivit
2340 3496 2555 3539 mesu·
2582 3482 2901 3559 illegitimate

534 3580 768 3665 agium
812 3577 1202 3665 predictum,
1229 3581 1549 3662 tanquam
1585 3576 1958 3642 eschaetam
2004 3598 2194 3641 suam
2224 3578 2559 3643 occasione
2584 3549 2688 3599 ⁸¹²⁶
2702 3546 2929 3597 honi-less.

542 3686 875 3768 premissa.
993 3680 1084 3746 Et
1121 3681 1217 3746 sic
1257 3678 1396 3745 fuit
1438 3678 1594 3745 inde
1623 3679 1849 3744 Abbas
1894 3679 2180 3756 seisituS‚
2209 3700 2555 3764 quousque

545 3786 880 3872 predictus
900 3784 1224 3851 Ricardus
1247 3784 1606 3869 Receyvor,
1621 3785 1857 3859 senior,
1875 3783 2034 3848 inde
2057 3783 2303 3849 iniuste
2326 3788 2396 3850 et
2416 3784 2561 3849 sine

546 3890 791 3956 iudicio
841 3888 1200 3954 disseisivit
1244 3887 1462 3973 ipsum
1507 3886 1909 3953 Willelmum
1951 3907 2165 3973 nuper
2210 3886 2562 3967 Abbatem,

547 3992 1064 4079 predecessorem
1094 3990 1374 4078 predicti
1403 4012 1582 4057 nunc
1614 3990 1910 4067 Abbatis,
1934 3990 2015 4057 de
2045 3991 2382 4077 mesuagio
2414 4013 2565 4077 pre-

541 4096 729 4163 dicto
756 4118 905 4163 cum
934 4095 1377 4183 pertinenciis,
1397 4098 1598 4181 prout
1614 4093 1948 4181 predictus
1971 4094 2195 4159 Abbas
2220 4115 2338 4180 per
2360 4094 2561 4161 breve

551 4220 744 4265 suum
801 4200 1134 4286 supponit.
1223 4198 1311 4263 Et
1369 4198 1677 4263 similiter
1735 4196 1986 4275 dicunt,
2036 4198 2215 4284 quod
2271 4218 2409 4264 non
2461 4203 2564 4265 est

543 4304 778 4390 aliqua
821 4302 1007 4369 fraus
1057 4323 1177 4368 nec
1233 4301 1506 4368 collusio
1564 4301 1742 4367 inter
1791 4306 2015 4388 partes
2060 4300 2432 4387 predictas;
2495 4306 2566 4367 et

545 4407 854 4473 assidunt
899 4407 1186 4493 dampna
1228 4406 1438 4493 ipsius
1480 4426 1660 4474 nunc
1702 4404 2009 4483 Abbatis‚
2038 4405 2373 4471 occasione
2417 4427 2567 4492 pre-

553 4509 770 4588 missa,
799 4511 886 4577 ad
914 4516 1202 4596 quatuor
1228 4529 1498 4586 marcas,
1523 4510 1602 4588 si,
1632 4508 1788 4575 etc.”
1877 4508 2039 4574 Ideo
2077 4506 2565 4574 consideratum
2594 4536 2805 4588 vadiet
2857 4534 2938 4584 for

549 4624 673 4691 est,
725 4614 901 4700 quod
960 4612 1294 4701 predictus
1341 4612 1570 4679 Abbas
1613 4620 1958 4699 recuperet
2008 4612 2320 4677 seisinam
2378 4632 2568 4677 suam
2596 4598 2950 4719 &Ignota-³1:³⁸³}

558 4739 784 4783 versus
827 4718 1197 4805 predictum
1228 4715 1586 4785 Ricardum
1631 4720 1700 4783 et
1729 4718 2054 4802 Agnetem
2098 4714 2182 4781 de
2226 4716 2569 4801 mesuagio
2598 4732 2785 4787 marks.
2860 4700 2875 4727 ’

553 4822 850 4909 predicto
879 4843 1030 4888 cum
1059 4820 1503 4909 pertinenciis.
1571 4820 1662 4887 Et
1689 4820 1869 4887 idem
1896 4818 2221 4887 Ricardus
2251 4823 2324 4886 et
2345 4821 2573 4907 Agnes
