3731 6032
1419 975 1548 1040 455

474 1131 927 1199 molendinum
958 1139 1026 1202 et
1055 1135 1349 1223 placeam
1377 1135 1742 1224 predictam
1772 1156 1925 1202 cum
1958 1133 2167 1200 libero
2195 1133 2493 1219 ingressu
2521 1144 2595 1197 fo.
2619 1143 2729 1196 398.

477 1242 544 1302 et
573 1256 856 1322 egressu,
885 1243 964 1304 ut
993 1241 1426 1325 premittitur,
1453 1260 1576 1327 pro
1605 1261 1676 1306 se
1705 1243 1776 1304 et
1802 1239 1945 1304 suis
1973 1239 2499 1324 quibuscunque,

473 1359 568 1415 ac,
586 1340 810 1416 eciam,
831 1340 1161 1426 predictas
1189 1365 1310 1408 sex
1332 1364 1516 1410 acras
1546 1347 1617 1410 et
1645 1341 1989 1408 dimidiam
2022 1347 2197 1407 terre
2226 1339 2497 1406 arabilis

475 1442 772 1529 predicto
791 1443 1111 1532 Magistro
1140 1445 1488 1524 willelme,
1507 1445 1858 1512 heredibus
1884 1450 1953 1511 et
1980 1443 2335 1529 assignatis
2362 1442 2499 1508 suis

478 1546 560 1612 de
589 1547 987 1633 capitalibus
1032 1548 1316 1615 dominis
1358 1549 1541 1616 feodi
1585 1547 1782 1628 illius,
1814 1548 2038 1626 libere,
2065 1549 2304 1635 quiete,
2332 1545 2495 1612 bene

476 1655 547 1715 et
573 1650 646 1715 in
689 1672 865 1736 pace,
911 1653 1422 1740 imperpetuum,
1460 1675 1580 1739 per
1629 1653 1907 1718 servicia
1954 1651 2110 1717 inde
2163 1651 2388 1716 debita
2432 1652 2501 1714 et

476 1759 810 1820 consueta.
903 1756 993 1821 Et
1035 1778 1159 1843 ego
1210 1757 1546 1844 predictus
1591 1755 1968 1822 Willelmus
2012 1756 2384 1840 Aderwyne
2430 1758 2503 1819 et

474 1855 746 1922 heredes
778 1859 907 1924 mei
938 1862 1157 1926 totum
1190 1860 1563 1946 predictum
1591 1859 2047 1926 molendinum
2092 1879 2244 1922 cum
2274 1857 2503 1944 placea

477 1960 789 2047 predicta,
814 1962 1020 2030 libero
1049 1964 1350 2050 ingressu
1381 1968 1453 2030 et
1479 1985 1746 2050 egressu
1777 1963 1848 2028 in
1878 1961 2096 2028 forma
2123 1962 2505 2048 prescripta,

475 2085 574 2142 ac,
601 2065 822 2140 etiam,
842 2065 1172 2152 predictas
1199 2089 1320 2132 sex
1349 2087 1534 2134 acras
1559 2072 1631 2133 et
1653 2063 2000 2132 dimidiam
2030 2070 2205 2130 terre
2233 2064 2503 2129 arabilis

479 2189 628 2232 cum
659 2168 1085 2253 pertinenciis
1115 2171 1250 2236 suis
1295 2174 1364 2236 et
1391 2169 1977 2238 commoditatibus
2004 2169 2505 2254 quibuscunque

484 2271 778 2357 predicto
836 2273 1158 2356 Magistro
1207 2273 1562 2354 Willelmo,
1611 2273 1968 2339 heredibus
2027 2277 2099 2338 et
2152 2271 2507 2357 assignatis

483 2374 620 2438 suis
649 2379 880 2441 contra
909 2397 1136 2442 omnes
1163 2376 1476 2443 mortales
1506 2375 2089 2442 warantizabimus
2110 2381 2179 2441 et
2196 2373 2507 2440 defende·

482 2499 646 2554 muS,
697 2478 1206 2566 imperpetuum.
1315 2479 1400 2545 In
1452 2479 1640 2547 cuius
1691 2480 1788 2545 rei
1840 2480 2298 2545 testimonium
2349 2479 2507 2545 huic

480 2582 769 2666 presenti
799 2588 979 2647 carte
1008 2583 1305 2670 sigillum
1349 2604 1571 2648 meum
1614 2583 1912 2669 apposui.
2002 2581 2157 2647 Hiis
2186 2581 2471 2648 testibus
2490 2603 2507 2660 ;

484 2684 768 2750 Ricardo
826 2685 1093 2772 Dastyn
1151 2686 1234 2753 de
1290 2686 1493 2752 Grete
1521 2708 1540 2766 ;
1585 2686 1875 2752 Roberto
1928 2685 2010 2750 de
2057 2686 2373 2752 Wottone
2424 2685 2507 2750 de

479 2786 708 2853 eadem
735 2813 751 2868 ;
810 2789 1108 2856 Iohanne
1170 2789 1348 2856 dicto
1409 2789 1696 2876 Wynter
1769 2789 1851 2855 de
1930 2788 2507 2875 Wynchecumba3

485 2891 782 2957 Iohanne
839 2893 1017 2959 dicto
1091 2894 1154 2960 le
1215 2894 1542 2960 Maltmon
1571 2915 1589 2974 ;
1663 2894 1955 2960 Henrico
2029 2893 2110 2959 de
2184 2892 2508 2973 Oellario;

482 2994 774 3062 Radulfo
828 2995 891 3062 le
935 2996 1402 3085 Palf1·eymon;
1455 2996 1740 3064 Ricardo
1786 2997 1849 3064 le
1898 2996 2117 3064 Frend
2162 3001 2230 3064 et
2276 2995 2505 3062 multis

483 3102 650 3169 aliis.

701 3284 914 3353 Carta
955 3284 1338 3373 Ademyne
1380 3286 1462 3356 de
1503 3287 1904 3355 ‘molendino
1949 3286 2031 3354 de
2063 3287 2261 3355 cotes.
2529 3303 2893 3357 ccccxxw.

573 3416 804 3483 Sciant
824 3420 1160 3503 presentes
1184 3422 1253 3483 et
1281 3417 1520 3495 futuri,
1540 3418 1718 3504 quod
1741 3440 1863 3504 ego
1896 3417 2265 3483 willelmus
2288 3418 2505 3485 dictus
2528 3434 2751 3485 william
2768 3435 2932 3485 Ader-

489 3519 866 3606 Aderwyne
885 3519 966 3585 de
985 3518 1183 3586 Cotes
1200 3522 1397 3587 iuxta
1408 3521 2024 3607 Wynchecumbam
2043 3522 2215 3599 dedi,
2228 3522 2507 3600 reddidi,
2528 3506 2865 3615 fflffii‘g
2877 3502 2932 3551 ³¹²

486 3623 727 3697 remisi,
755 3623 1041 3689 concessi
1086 3628 1159 3688 et
1201 3622 1327 3690 hac
1375 3624 1670 3711 presenti
1701 3631 1890 3690 carta
1935 3646 2083 3690 mea
2121 3626 2505 3691 confirmavi
2529 3629 2621 3678 the
2664 3630 2791 3686 Mill.
2836 3632 2867 3656 “
2884 3631 2932 3680 10

484 3725 1042 3812 Religiosis‚Viris
1059 3726 1343 3793 dominis
1368 3726 1613 3793 Abbati
1634 3737 1700 3792 et
1719 3726 2100 3794 conventui
2118 3730 2505 3795 Monasterii
2530 3694 2747 3822 2³5?ss
2761 3697 2877 3811 ’ἷξε

492 3829 1025 3916 Wynchecumbe
1049 3834 1120 3895 et
1147 3830 1625 3897 successoribus
1651 3832 1724 3895 in
1754 3852 1991 3918 puram
2022 3837 2090 3897 et
2118 3837 2505 3919 perpetuam
2531 3825 2780 3876 eonvent.

486 3933 911 3999 elemosinam
957 3938 1176 3999 totum
1205 3934 1665 4001 molendinum
1711 3956 1937 4000 meum
1970 3935 2403 4001 fullonarium
2434 3937 2506 4003 in

488 4036 550 4101 le
582 4035 782 4103 Cotes
814 4042 882 4102 et
910 4036 1208 4124 placeam
1237 4038 1444 4115 illam,
1473 4059 1604 4124 que
1634 4036 1881 4104 dicitur
1925 4043 1967 4076 “
1993 4038 2054 4104 le
2078 4038 2247 4105 Dom
2277 4038 2313 4065 ’³
2355 4060 2505 4105 cum

492 4139 697 4204 libero
741 4140 1060 4225 ingressu,
1105 4145 1245 4217 etc,
1287 4162 1361 4205 as
1405 4141 1761 4206 above.-—“
1784 4140 2227 4227 Lymcrowe''
2264 4141 2509 4207 here-

490 4253 522 4276 ·‘
535 4243 848 4329 predictis
868 4242 1114 4309 Abbati
1147 4248 1217 4309 et
1239 4246 1382 4310 Con
1391 4245 1620 4309 ventui
1643 4249 1711 4310 et
1729 4258 1955 4310 eorum
1976 4244 2507 4324 successoribus?

490 4346 558 4411 in
605 4351 1069 4432 warranty-“
1089 4346 1381 4413 Roberto
1427 4346 1508 4413 de
1555 4346 2150 4435 Charyngworth,’'
2194 4350 2268 4413 in
2319 4349 2505 4436 place

491 4448 565 4515 of
591 4449 887 4515 Iohanne
916 4449 1092 4515 dicto
1126 4450 1462 4537 Wynter,”
1507 4452 1580 4517 in
1608 4451 1860 4539 sealing
1890 4451 2124 4519 clause.

619 4633 868 4717 Quieta
896 4636 1288 4703 clamanda
1317 4636 1646 4723 Mayiatri
1689 4636 2015 4705 willelmi
2042 4638 2123 4705 de
2150 4638 2369 4707 Bosco.
2528 4649 2865 4704 ccccxxv.

581 4766 813 4833 Sciant
841 4771 1177 4853 presentes
1207 4771 1274 4832 et
1296 4766 1530 4844 futuri,
1549 4766 1720 4853 quod
1745 4790 1868 4854 ego
1893 4766 2263 4834 Willelmus
2286 4770 2502 4836 dictus
2526 4732 2756 4876 353⁹&
2772 4825 2932 4875 Boooo

493 4867 576 4935 de
621 4868 845 4947 Bosco,
897 4869 1190 4947 clericus,
1234 4869 1409 4951 dedi,
1451 4869 1730 4951 reddidi,
1779 4871 2124 4951 retradidi,
2168 4874 2387 4938 remisi
2431 4878 2501 4941 et
2524 4887 2933 4953 quit-daimthe
