3731 6032
1425 993 1550 1058 119

465 1153 828 1218 tenendum
857 1153 986 1218 sibi
1030 1157 1100 1218 et
1144 1151 1621 1219 suecessoribus
1665 1152 1824 1232 suiS,
1871 1152 2379 1238 imperpetuum,
2411 1156 2479 1218 et

468 1257 644 1342 quod
693 1256 870 1323 idem
916 1255 1290 1322 willelmus
1338 1260 1408 1322 et
1455 1255 1767 1321 Alianora
1816 1256 2168 1323 concedere
2214 1257 2488 1344 possint,

468 1359 645 1445 quod
676 1381 886 1426 unum
917 1359 1354 1446 mesuagium,
1383 1364 1668 1445 quatuor
1717 1379 1864 1426 acre
1917 1364 2091 1426 terre
2143 1383 2293 1428 cum
2341 1384 2491 1448 per·
2516 1405 2583 1440 on
2621 1388 2712 1439 Q„
2764 1386 2919 1438 death

470 1463 776 1530 tinenciis
807 1465 881 1529 in
911 1463 1142 1530 eadem
1174 1463 1340 1529 villa
1369 1462 1452 1527 de
1481 1461 1955 1541 Snoweshulle,
1986 1486 2133 1548 que,
2164 1466 2490 1544 similiter,
2518 1455 2575 1504 of
2608 1453 2805 1504 Iuliana
2853 1517 2889 1566 h

472 1565 554 1632 de
585 1566 796 1633 Nobis
839 1588 973 1633 non
1015 1571 1345 1642 tenentur,
1378 1570 1447 1631 et
1490 1587 1620 1652 que
1664 1563 1929 1631 Iuliana
1977 1566 2259 1633 Freman
2306 1574 2493 1635 tenet
2520 1520 2776 1634 {fffl‘ss}
2795 1533 2920 1636 1:40⁰

474 1671 562 1737 ad
637 1672 998 1738 terminum
1073 1671 1214 1736 vite
1302 1691 1416 1734 sue
1490 1669 1571 1735 de
1645 1670 1959 1756 predictis
2028 1669 2355 1738 Willelmo
2425 1678 2495 1739 et
2520 1645 2924 1764 ssffi‘gfflss

474 1775 808 1852 Alianora,
864 1780 934 1840 et
995 1796 1124 1856 que
1181 1778 1333 1860 post
1382 1782 1657 1839 mortem
1719 1774 2011 1840 eiusdem
2073 1775 2347 1853 Iuliane,
2406 1777 2491 1842 ad
2521 1779 2612 1830 the
2644 1777 2823 1841 Abbey
2882 1843 2893 1854 ,

471 1879 761 1967 prefatos
807 1877 1217 1944 willelmum
1270 1880 1340 1941 et
1387 1875 1774 1941 Alianoram
1833 1881 1904 1942 et
1960 1875 2233 1944 heredes
2285 1880 2493 1965 ipsius
2519 1843 2759 1960 fflffifoe
2792 1842 2924 1893 ⁶¹¹⁶*

474 1982 791 2049 Willelmi
822 1981 1068 2048 reverti
1099 1979 1364 2058 debent,
1393 1983 1544 2062 post
1573 1983 1853 2046 mortem
1900 1981 2190 2048 eiusdem
2235 1979 2495 2050 Iuliane

473 2085 748 2172 prefatis
811 2083 1059 2150 Abbati
1120 2089 1189 2147 et
1248 2081 1627 2148 Conventui
1689 2087 1760 2148 et
1814 2085 2295 2151 successoribus
2355 2088 2493 2154 suis
2560 2093 2575 2104 '

473 2192 880 2266 remaneant,
952 2184 1278 2251 Habenda
1337 2189 1407 2250 et
1458 2185 1741 2251 tenenda
1788 2207 1924 2252 una
1976 2208 2127 2253 cum
2184 2189 2497 2275 predictis

473 2292 833 2376 mesuagi0‚
905 2295 1084 2355 terra
1156 2292 1226 2353 et
1296 2288 1593 2367 redditu,
1621 2297 1626 2304 '
1658 2289 2165 2376 imperpetuum,
2226 2291 2311 2356 ad
2396 2295 2499 2359 in·

475 2394 872 2460 veniendum
922 2391 1251 2479 quendam
1297 2389 1720 2467 monachum,
1774 2391 2219 2478 capellanum,
2274 2397 2501 2464 divina

475 2520 593 2586 pro
621 2497 873 2563 salubri
921 2500 1101 2562 statu
1135 2495 1464 2562 dictorum
1496 2494 1817 2561 Willelmi
1862 2501 1932 2562 et
1977 2497 2309 2578 Alianore,
2338 2500 2499 2566 dum

474 2603 784 2682 vixerint,
858 2604 927 2666 et
999 2621 1119 2686 pro
1177 2599 1536 2665 animabus
1595 2600 1750 2677 suis,
1807 2621 1957 2666 cum
2018 2601 2104 2667 ab
2178 2602 2297 2670 hac
2356 2604 2501 2672 luce

475 2705 927 2792 migraverint,
977 2723 1054 2769 ac
1105 2701 1472 2769 animabus
1525 2703 1821 2768 omnium
1881 2704 2179 2770 fidelium
2226 2706 2499 2776 defunc·

478 2815 698 2875 torum
709 2859 724 2884 ,
743 2809 816 2872 in
828 2806 1120 2872 Abbatia
1137 2805 1452 2892 predicta,
1465 2805 1743 2892 singulis
1755 2806 1989 2873 diebus
1998 2808 2500 2891 celebraturum,

477 2913 983 2999 imperpetuum.
1075 2909 1164 2975 Et
1209 2908 1456 2974 eisdem
1503 2908 1754 2975 Abbati
1799 2918 1868 2976 et
1897 2909 2295 2992 Conventui,
2323 2915 2502 3001 quod

477 3015 605 3103 ipsi
635 3016 931 3103 predicta
976 3012 1390 3098 mesuagium
1440 3016 1509 3078 et
1553 3020 1820 3093 terram,
1849 3019 1920 3080 et
1961 3014 2315 3097 redditum,
2348 3040 2500 3085 cum

477 3119 919 3208 pertinenciis,
947 3117 1042 3183 sic
1070 3138 1187 3203 per
1217 3115 1548 3202 predictos
1580 3116 1989 3183 Willelmum
2016 3124 2085 3184 et
2113 3121 2499 3188 Alianoram

477 3224 699 3290 danda
727 3227 796 3289 et
839 3220 1252 3307 assignanda,
1285 3219 1373 3285 ab
1419 3220 1662 3285 eisdem
1694 3219 2029 3288 Willelmo
2074 3230 2139 3288 et
2186 3224 2503 3293 Alianora

476 3329 780 3414 recipere,
824 3330 893 3391 et
937 3323 1231 3409 predicta
1291 3324 1698 3410 mesuagium
1746 3328 1817 3389 et
1867 3330 2111 3392 terram
2161 3348 2311 3394 cum
2356 3352 2501 3415 per·

478 3430 805 3507 tinenciis,
862 3449 990 3514 que
1062 3427 1358 3514 predicta
1410 3425 1673 3492 Iuliana
1745 3427 1840 3493 sic
1898 3432 2085 3495 tenet
2142 3430 2227 3496 ad
2286 3434 2499 3499 vitam

477 3554 684 3609 suam,
714 3536 865 3619 post
893 3535 1172 3596 mortem
1203 3528 1496 3593 eiusdem
1543 3529 1822 3608 Iuliane,
1851 3532 2111 3618 ingredi
2143 3538 2398 3621 possint
2428 3544 2497 3605 et

479 3644 702 3701 tenere
733 3634 860 3699 sibi
905 3641 973 3699 et
1017 3631 1495 3699 successoribus
1547 3632 1701 3709 suis,
1731 3634 1928 3699 simul
1981 3657 2131 3702 cum
2182 3639 2497 3724 predictis

479 3740 832 3824 moeuagiQ
860 3743 1054 3815 terra,
1085 3742 1155 3802 et
1181 3735 1447 3801 redditu
1476 3735 1564 3801 ad
1606 3737 2079 3805 inveniendum
2127 3744 2495 3828 predictum

479 3842 892 3918 monachum,
920 3842 1428 3927 imperpetuum,
1470 3842 1646 3904 sicut
1694 3842 2063 3926 predictum
2109 3854 2225 3923 est,
2270 3851 2497 3914 tenore
2523 3830 2727 3882 fo.102.

477 3946 906 4032 presencium,
966 3943 1294 4021 similiter,
1349 3942 1687 4009 licenciam
1748 3944 2051 4011 dedimus
2100 3951 2495 4035 specialem,

477 4054 732 4115 statuto
789 4047 1084 4134 predicto
1135 4067 1267 4112 non
1333 4045 1658 4111 obstante.
1751 4046 2062 4115 Nolentes
2114 4053 2291 4138 quod
2349 4077 2497 4141 pre·

481 4154 689 4219 dictos
753 4150 1120 4215 Willelmus
1179 4154 1249 4214 et
1299 4150 1616 4215 Alianora
1687 4151 1787 4217 vel
1856 4151 2125 4220 heredes
2206 4158 2328 4234 sui,
2376 4166 2497 4227 aut

479 4252 725 4341 prefati
759 4252 979 4317 Abbas
1009 4258 1078 4317 et
1101 4251 1479 4317 Conventus
1509 4274 1625 4317 seu
1657 4274 2055 4323 successores
2085 4258 2206 4335 sui,
2235 4263 2493 4329 racione

479 4356 717 4424 statuti
778 4354 1076 4443 predicti,
1136 4376 1255 4441 per
1316 4354 1456 4419 Nos
1516 4356 1622 4421 vel
1693 4355 1967 4423 heredes
2025 4372 2280 4429 nostros
2339 4366 2493 4433 inde

482 4460 976 4528 occasionantur
1007 4459 1076 4523 in
1107 4456 1331 4542 aliquo
1359 4479 1476 4523 seu
1506 4466 1883 4544 graventur.
1974 4462 2216 4546 Salvis,
2246 4472 2493 4550 tamen,

479 4562 874 4650 capitalibus
905 4562 1186 4627 dominis
1215 4561 1396 4627 feodi
1425 4561 1603 4626 illius
1631 4565 1927 4631 serviciis
1971 4568 2125 4633 inde
2154 4569 2396 4639 debitis
2426 4582 2495 4640 et

481 4668 825 4735 consuetis
940 4666 1019 4729 In
1094 4664 1281 4731 cuius
1355 4666 1448 4730 rei
1522 4667 1979 4733 testimonium
2055 4671 2175 4738 has
2235 4676 2492 4745 litteras

483 4776 740 4837 nostras
794 4770 940 4835 fieri
997 4768 1277 4835 fecimus
1335 4773 1656 4854 patentes.
1775 4771 1969 4839 Teste
2028 4774 2297 4857 Thoma‚
2358 4782 2494 4848 filio

481 4879 706 4941 nostro
779 4872 1131 4949 carissimu,
1191 4871 1482 4939 Custode
1535 4873 1812 4960 Anglie:
1887 4878 2065 4963 apud
2124 4880 2493 4970 Redynges,
