3731 6032
2172 909 2301 972 480

1225 1079 1530 1164 proxima
1581 1079 1788 1165 [post]
1836 1079 2089 1145 festum
2148 1074 2635 1141 Translacionis
2696 1073 2928 1142 Sancti
2988 1073 3255 1140 Thome

1227 1181 1538 1258 MartiriS,
1565 1203 1742 1248 anno
1763 1183 1952 1269 regni
1982 1182 2182 1270 Regis
2206 1179 2541 1256 Edwardi,
2558 1177 2680 1243 filii
2701 1178 2901 1264 Regis
2927 1178 3251 1244 Edwardi-

1225 1285 1479 1353 decimo
1509 1307 1684 1352 nono
1712 1287 2026 1352 intrante.

793 1479 1128 1532 ccccnvn.
1287 1473 1494 1539 Carta
1525 1471 1769 1538 Edithe
1800 1471 1858 1538 lc
1872 1470 2235 1641 feram-ode
2263 1490 2417 1536 una
2446 1491 2613 1537 acra
2640 1478 2831 1538 extra
2860 1471 3176 1538 clausum

1994 1576 2075 1642 de
2162 1575 2475 1642 aradam.

790 1709 971 1768 Edith,
995 1711 1110 1760 wid.
1140 1712 1198 1761 of
1309 1697 1539 1763 Sciant
1569 1701 1909 1782 presentes
1939 1700 2009 1761 et
2049 1695 2284 1772 futuri,
2314 1694 2493 1781 quod
2522 1716 2644 1781 ego
2675 1694 2945 1773 Editha‚
2975 1717 3103 1782 que
3132 1694 3243 1760 fui

787 1775 1195 1900 Σῖιιὲέξζῗῗζῗῖ
1219 1821 1390 1865 uxor
1423 1800 1740 1866 Willelmi
1773 1799 1833 1864 le
1865 1799 2117 1864 Femur
2148 1799 2230 1864 de
2262 1798 2480 1876 Cotes,
2508 1799 2580 1863 in
2610 1820 2780 1885 pura
2812 1800 3137 1865 viduitate
3167 1809 3239 1864 et

787 1905 930 1955 firma
983 1911 1040 1956 to
1101 1889 1196 1956 th&
1217 1903 1380 1988 ligia
1413 1909 1738 1989 potestate
1769 1926 1917 1968 mea
1946 1902 2119 1979 dedi,
2148 1904 2435 1969 concessi
2480 1909 2550 1968 et
2578 1902 2703 1969 hac
2730 1905 3021 1989 presenti
3050 1908 3235 1968 carta

787 1971 1191 2086 335?quss
1219 2029 1364 2072 mea
1393 2008 1780 2074 confirmavi
1811 2007 1951 2073 Deo
1980 2014 2050 2072 et
2081 2006 2367 2072 Ecclesie
2402 2007 2603 2072 Beate
2635 2007 2844 2072 Mario
2889 2013 2957 2072 et
3002 2007 3233 2073 Sancti

785 2101 1191 2219 ζῗῦὸῐοξζῑὲἓξῗθ
1219 2110 1523 2175 Kenelmi
1587 2109 2146 2196 Wynchecumbe,
2204 2132 2461 2178 necnon
2536 2110 2785 2176 Thome
2846 2111 3088 2177 Abbati
3163 2117 3237 2176 et

1216 2213 1559 2280 Monachis
1613 2214 1860 2278 ibidem
1910 2212 2055 2279 Deo
2114 2214 2555 2279 servientibus
2616 2219 2686 2280 et
2741 2216 3233 2300 imperpetuum

1212 2319 1560 2383 servituris
1585 2339 1786 2383 unam
1811 2318 2154 2382 dimidiam
2188 2339 2406 2383 acram
2426 2323 2599 2383 terre
2620 2318 2887 2382 arabilis
2906 2320 3233 2384 iacentem

1212 2425 1406 2486 extra
1448 2421 1745 2486 clausum
1790 2420 2057 2485 illorum
2107 2420 2191 2485 de
2236 2419 2577 2485 Corndene
2632 2442 2781 2486 cum
2834 2423 2972 2486 suis
3025 2423 3231 2507 perti-

1211 2525 1463 2591 nenciis
1523 2529 1592 2590 et
1650 2525 2060 2611 appendiciis
2121 2521 2643 2610 quibuscunque,
2705 2523 3095 2590 Habendam
3156 2531 3231 2590 et

1210 2628 1565 2693 tenendam
1613 2628 1979 2714 predictam
2026 2626 2370 2693 dimidiam
2415 2650 2632 2695 acram
2678 2633 2851 2693 terre
2896 2650 3045 2693 cum
3090 2629 3233 2693 suis

1209 2733 1633 2817 pertinenciis
1680 2737 1748 2798 et
1792 2732 2200 2819 appendiciis
2246 2731 2558 2818 predictis
2588 2731 2857 2808 Abbati,
2890 2732 3231 2798 Monachis

1209 2840 1280 2901 et
1330 2836 1466 2901 suis
1518 2836 1999 2903 successoribus
2045 2835 2276 2915 libere,
2325 2838 2567 2922 quiete,
2616 2837 2783 2901 bene
2830 2842 2899 2901 et
2946 2836 3019 2901 in
3065 2858 3231 2922 pace

781 2941 846 2990 fo.
875 2942 985 2990 420.
1212 2940 1721 3028 imperpetuum,
1764 2938 2127 3006 Reddendo
2170 2939 2327 3004 inde
2372 2944 2441 3005 et
2483 2939 2787 3006 faciendo
2830 2940 3230 3027 capitalibus

919 3110 932 3121 ,
1083 3108 1095 3121 ,
1211 3044 1497 3111 dominis
1527 3045 1806 3111 servicia
1835 3045 2061 3109 omnia
2090 3044 2246 3109 inde
2291 3043 2519 3111 debita
2560 3050 2630 3110 et
2671 3053 3007 3111 consueta.
3094 3044 3245 3109 Pro-

781 3108 1182 3224 pgpsaizrgpom
1209 3146 1352 3225 hac,
1395 3153 1641 3225 autem,
1685 3148 2062 3227 donacione,
2102 3149 2535 3225 concessione,
2566 3150 3111 3215 warantizacione
3156 3157 3231 3215 et

1209 3250 1592 3317 defensione
1638 3251 1967 3317 dederunt
2013 3251 2180 3315 mihi
2233 3250 2395 3317 dicti
2440 3251 2665 3317 Abbas
2721 3261 2790 3318 et
2836 3252 3223 3319 Conventus

1207 3353 1431 3421 decem
1462 3354 1704 3421 solidos
1733 3356 1996 3441 argenti
2027 3376 2145 3440 pre
2170 3354 2494 3420 manibus.
2586 3356 2747 3442 Ege,
2768 3378 2949 3435 vero,
2972 3356 3235 3424 Editha.

1205 3462 1276 3523 et
1304 3458 1576 3524 heredes
1605 3459 1735 3523 mei
1779 3458 2146 3544 predictam
2191 3459 2537 3523 dimidiam
2582 3480 2801 3525 acram
2846 3467 3022 3526 terre
3066 3484 3217 3529 cum

1203 3563 1342 3627 suis
1374 3563 1796 3648 pertinenciis
1843 3560 2161 3649 predictis
2198 3562 2443 3627 Abbati
2476 3568 2545 3628 et
2574 3562 2956 3630 Conventui
2987 3572 3055 3632 et
3083 3568 3241 3631 suis.

1203 3667 1681 3732 successoribus
1712 3672 1944 3731 contra
1965 3686 2190 3731 omnes
2215 3665 2525 3730 mortales
2550 3668 3128 3735 warantizabimus
3150 3677 3222 3737 et

1203 3768 1635 3835 defendemus
1683 3770 2189 3855 imperpetuum.
2312 3768 2399 3832 Et
2453 3770 2611 3854 quia
2666 3771 2817 3837 volo
2870 3773 3049 3857 quod
3096 3772 3217 3840 hec

1203 3893 1352 3937 mea
1381 3872 1678 3950 donacio,
1707 3872 2036 3938 concessio
2066 3875 2135 3936 et
2163 3878 2342 3937 carte
2387 3894 2529 3937 mee
2572 3872 2991 3939 confirmacio
3030 3875 3217 3942 firme

1204 3981 1274 4042 et
1289 3975 1562 4041 stabiles
1585 3975 2076 4062 imperpetuum
2107 3981 2546 4061 perseverent,
2569 3982 2941 4063 presentem
2966 3984 3216 4045 cartam

1201 4080 1406 4166 sigilli
1431 4080 1561 4144 mei
1581 4080 2009 4165 impressione
2032 4078 2357 4145 roboravi.
2417 4078 2569 4144 Hiis
2592 4079 2903 4158 testibus3
2934 4082 3235 4149 Ricardo-

1199 4181 1463 4269 Dastyn
1536 4181 1620 4247 de
1694 4182 1937 4257 Grete;
2028 4177 2320 4247 Roberto
2395 4181 2664 4269 Dastyn
2690 4234 2707 4264 ,
2780 4184 3059 4253 Roberti
3130 4189 3214 4255 de

1200 4285 1831 4373 Chalingeworthe3
1885 4284 2222 4351 Willelmo
2269 4286 2353 4352 de
2394 4287 2462 4352 la
2514 4287 2762 4370 Hulle;
2822 4289 3105 4359 Ricardo
3150 4293 3213 4359 le

1199 4390 1566 4457 Neweman
1598 4390 1679 4455 de
1711 4390 1910 4455 Cotes
1942 4394 2011 4455 et
2039 4389 2273 4455 multis
2300 4390 2472 4456 aliis.

771 4577 1134 4629 CCCOLVIII-
1507 4579 1604 4643 De
1637 4582 1819 4640 terra
1851 4576 1909 4642 le
1940 4575 2215 4655 Femur,
2246 4575 2464 4643 decem
2492 4577 2673 4645 acris
2700 4586 2885 4646 terre.

769 4724 879 4773 The
901 4726 1058 4774 above
1287 4688 1516 4755 Sciant
1547 4694 1881 4774 presentes
1926 4693 1996 4755 et
2026 4687 2263 4765 futuri,
2293 4688 2467 4775 quod
2500 4711 2621 4777 ego
2654 4690 2919 4770 Editha,
2950 4715 3079 4779 que
3108 4694 3212 4760 fui

771 4790 934 4840 Edith
996 4796 1172 4855 granta
1200 4814 1369 4858 uxor
1403 4792 1717 4857 Willelmi
1749 4792 1809 4857 le
1842 4792 2095 4857 Ferour
2126 4792 2207 4857 de
2241 4792 2453 4870 Cotes,
2482 4793 2554 4858 in
2584 4815 2753 4882 pura
2782 4796 3114 4864 viduitate
3143 4806 3230 4865 et
