3731 6032
1427 984 1548 1044 501

485 1147 644 1213 inde
696 1149 895 1226 facta,
937 1153 1006 1214 et
1050 1171 1186 1214 non
1231 1149 1430 1216 aliter
1474 1169 1596 1214 nec
1640 1148 1772 1214 alio
1823 1148 2019 1214 modo
2070 1168 2366 1234 unquam
2418 1167 2497 1212 ea

479 1254 745 1332 tenuit3
803 1252 886 1317 de
947 1253 1190 1338 quibus
1236 1253 1504 1338 quidem
1550 1252 1911 1338 mesuagi0‚
1955 1251 2147 1318 terris
2176 1257 2263 1316 et
2312 1256 2492 1316 tene·

483 1357 727 1420 mentis
757 1355 1092 1441 predictus
1116 1355 1342 1420 Abbas
1372 1356 1544 1420 iuste
1569 1361 1639 1421 et
1661 1355 1959 1440 legitime
1976 1355 2239 1420 seisitus
2263 1354 2495 1419 existit

487 1459 556 1522 in
589 1458 918 1525 dominico
945 1481 1066 1525 suo
1115 1467 1189 1524 ut
1233 1461 1316 1523 de
1358 1458 1556 1524 feodo
1600 1463 1668 1523 et
1713 1459 1856 1524 iure
1889 1457 2175 1524 Ecclesie
2204 1479 2321 1522 sue
2350 1479 2494 1542 pre·

477 1562 682 1638 dicte,
713 1568 780 1627 et
814 1563 1300 1648 predecessores
1327 1565 1432 1628 sui
1475 1563 1550 1627 in
1591 1562 1816 1626 eadem
1861 1561 2079 1626 forma
2122 1561 2279 1625 inde
2322 1562 2497 1624 iuste

479 1667 693 1730 seisiti
722 1666 928 1743 fuere,
958 1671 1028 1730 et
1058 1689 1136 1731 ea.
1164 1689 1248 1731 ex
1279 1667 1392 1730 diu
1427 1671 1789 1732 tenuerunt
1818 1667 1892 1731 in
1912 1665 2239 1730 dominico
2270 1685 2389 1730 suo
2420 1668 2498 1727 ut

476 1770 566 1834 de
597 1770 792 1835 feodo
837 1774 906 1836 et
950 1772 1094 1836 iure
1139 1771 1433 1836 eiusdem
1479 1770 1766 1836 Ecclesie
1812 1792 1947 1846 sue,
1978 1775 2048 1835 et
2091 1791 2211 1855 pro
2253 1767 2497 1833 eisdem

483 1876 844 1961 mesuagi0‚
899 1875 1093 1940 terris
1137 1881 1206 1941 et
1249 1876 1646 1940 tenementis
1691 1895 1841 1939 cum
1890 1873 2313 1960 pertinenciis
2347 1878 2498 1937 -tam

485 1977 818 2062 predictus
879 1999 1058 2043 nunc
1110 1977 1358 2057 Abbas,
1417 1999 1614 2062 quam
1675 1977 1956 2063 predicti
2016 1977 2498 2063 predecessores

477 2081 606 2158 sui,
637 2083 1007 2157 annuatim,
1037 2080 1471 2145 reddiderunt
1501 2080 1714 2145 eidem
1761 2080 2046 2146 Iohanni
2093 2081 2173 2145 de
2218 2080 2285 2145 la
2313 2078 2498 2145 Mare
2524 2085 2642 2136 held
2692 2083 2745 2132 of
2789 2082 2927 2132 John

479 2189 553 2246 et
599 2184 795 2248 alicui
841 2188 1326 2249 antecessorum
1379 2205 1649 2248 suorum
1703 2186 1889 2249 cuius
1949 2183 2137 2248 heres
2188 2184 2327 2269 ipse
2375 2186 2498 2260 est,
2523 2151 2593 2280 R}
2624 2148 2723 2274 12:
2757 2147 2931 2276 ἓξὲξ

483 2292 774 2372 quatuor
794 2287 1096 2352 denarios
1119 2288 1325 2352 annui
1351 2287 1676 2352 redditusz
1725 2309 1852 2373 que
1885 2288 2109 2352 omnia
2138 2292 2206 2352 et
2234 2286 2499 2372 singula
2522 2278 2777 2394 rex-agam]
2799 2279 2931 2327 ⁸⁰¹⁰·

485 2392 803 2477 premissa
831 2397 960 2456 tam
985 2391 1287 2478 prefatus
1309 2389 1536 2455 Abbas
1560 2395 1628 2455 et
1649 2389 1943 2454 eiusdem
1969 2389 2092 2455 loci
2113 2389 2498 2455 Conventus
2523 2361 2607 2410 Ρη
2644 2377 2661 2392 ’

486 2517 606 2581 pro
637 2517 705 2559 se
751 2502 820 2559 et
849 2492 1328 2560 successoribus
1375 2495 1530 2568 suis,
1576 2515 1776 2578 quam
1821 2492 2124 2580 prefatus
2168 2492 2497 2558 Iohannes

376 2641 384 2648 ·
480 2599 570 2663 de
643 2597 712 2663 la
769 2598 956 2662 Mare
1016 2619 1136 2683 pro
1195 2619 1265 2661 se
1326 2602 1394 2662 et
1452 2596 1804 2662 heredibus
1867 2599 2003 2662 suis
2072 2597 2375 2662 fatentur
2430 2601 2501 2660 et

487 2706 963 2788 recognoscunt
993 2701 1135 2766 fore
1187 2723 1356 2778 vera,
1387 2707 1567 2766 certa
1597 2705 1666 2766 et
1696 2703 1768 2765 in
1799 2702 2107 2766 omnibus
2138 2701 2403 2785 cognita
2432 2704 2501 2764 et

483 2805 870 2890 approbata.
961 2805 1094 2884 Qui
1141 2804 1407 2890 quidem
1455 2803 1780 2869 Iohannes
1827 2805 1909 2869 de
1955 2805 2019 2869 la
2049 2805 2237 2870 Mare
2282 2825 2400 2890 pro
2431 2827 2499 2869 se

481 2914 557 2972 et
589 2907 942 2973 heredibus
973 2908 1110 2973 suis
1141 2901 1572 2993 mesuagium,
1607 2913 1816 2972 terras
1846 2915 1915 2972 et
1945 2913 2325 2974 tenementa
2353 2929 2497 2994 pre-

491 3012 668 3078 dicta
697 3033 846 3077 eum
892 3011 1318 3099 pertinenciis
1361 3033 1616 3076 necnon
1647 3015 1901 3076 statum
1932 3016 2000 3077 et
2028 3011 2497 3098 possessionem

480 3138 673 3181 suam
735 3116 909 3193 inde,
969 3123 1246 3202 excepto
1318 3116 1582 3180 redditu
1659 3115 1976 3201 predicte,
2036 3116 2249 3181 eidem
2322 3136 2501 3181 nunc

489 3220 739 3285 Abbati
800 3225 869 3285 et
943 3220 1232 3285 eiusdem
1298 3218 1422 3284 loci
1481 3218 1860 3284 Conventui
1921 3219 2500 3296 sursumreddidit‚

487 3325 761 3409 reliquit
790 3329 859 3389 et
882 3322 1212 3399 relibavit,
1232 3321 1562 3387 Habenda
1580 3330 1649 3387 et
1668 3321 1957 3387 tenenda
1979 3322 2223 3386 eisdem
2249 3322 2498 3387 Abbati
2524 3338 2593 3389 fo.
2618 3340 2712 3388 449

479 3433 557 3493 et
607 3428 982 3493 Conventui
1027 3432 1097 3491 et
1139 3424 1618 3491 successoribus
1664 3426 1819 3503 suis,
1873 3426 2381 3513 imperpetuum,
2420 3431 2501 3489 ut

489 3532 559 3595 in
594 3531 874 3615 pristino
906 3530 1048 3595 iure
1077 3550 1198 3595 suo
1243 3535 1312 3593 et
1356 3528 1641 3594 Ecclesie
1671 3529 1987 3614 predicte,
2015 3528 2201 3593 salvo
2244 3550 2502 3617 semper

490 3636 754 3720 prefato
800 3634 1084 3700 Iohanni
1131 3633 1212 3697 de
1259 3633 1324 3697 la
1371 3633 1572 3709 Mare,
1618 3631 1973 3697 heredibus
2018 3639 2087 3697 et
2129 3634 2501 3719 assignatis,

485 3742 976 3825 imperpetuum
1003 3738 1316 3823 predictis
1336 3745 1622 3822 quatuor
1639 3736 1928 3801 denariis
1950 3737 2155 3802 annui
2176 3737 2502 3813 redditus;

478 3842 984 3928 percipiendum
1032 3841 1370 3906 redditum
1431 3841 1620 3905 illum
1683 3838 1897 3905 eidem
1958 3839 2243 3906 Iohanni
2296 3840 2377 3905 de
2437 3840 2503 3905 la

491 3946 672 4011 Mare
707 3952 776 4011 et
817 3944 1171 4009 heredibus
1218 3946 1374 4020 suis
1403 3943 1568 4009 adeo
1619 3943 1825 4009 libere
1871 3948 1939 4008 et
1984 3944 2259 4029 integre,
2304 3952 2503 4030 prout

487 4052 629 4135 ipse
659 4050 990 4114 Iohannes
1025 4050 1130 4114 vel
1176 4048 1418 4133 aliquis
1461 4054 1947 4113 antecessorum
1992 4068 2286 4126 suorum,
2316 4048 2502 4113 cuius

487 4154 676 4219 heres
736 4156 872 4240 ipse
928 4157 1051 4231 est,
1103 4152 1440 4216 redditum
1506 4150 1879 4236 predictum
1931 4149 2155 4235 aliquo
2208 4154 2504 4236 tempore

482 4266 646 4322 ante
676 4258 1156 4322 confeccionem
1187 4255 1596 4341 presencium
1641 4254 1935 4319 habuere
1978 4274 2095 4318 seu
2140 4274 2504 4339 percepere,

490 4366 779 4448 presenti
810 4360 1056 4445 scripto
1085 4358 1432 4424 indentato
1463 4358 1535 4421 in
1565 4358 1790 4443 aliquo
1834 4378 1969 4421 non
2011 4356 2337 4422 obstante.
2420 4356 2503 4421 In

480 4466 674 4531 cuius
705 4464 800 4528 rei
834 4463 1288 4528 testimonium
1321 4463 1439 4526 uni
1469 4462 1647 4548 parti
1679 4461 1879 4526 huius
1904 4461 2131 4546 scripti
2152 4459 2505 4537 indentati,

489 4590 688 4655 penes
739 4568 1074 4653 prefatum
1126 4565 1456 4631 Abbatem
1509 4570 1578 4631 et
1631 4563 2055 4631 Conventum
2109 4564 2503 4642 remanenti,

490 4674 790 4759 prefatus
813 4671 1142 4736 Iohannes
1174 4670 1255 4735 de
1288 4669 1353 4733 la
1385 4669 1568 4734 Mare
1599 4668 1894 4755 sigillum
1925 4689 2120 4732 suum
2150 4668 2505 4753 apposuit3

480 4776 706 4855 alteri,
737 4796 911 4853 vero,
942 4774 1118 4860 parti
1152 4772 1444 4838 eiusdem
1473 4774 1703 4859 scripti
1734 4772 2092 4849 indentati,
2120 4791 2321 4857 penes
2358 4792 2507 4857 pre·

491 4880 709 4945 fatum
743 4878 1106 4945 Iohannem
1139 4876 1221 4942 de
1252 4877 1317 4941 la
1343 4876 1518 4941 Mare
1543 4876 1933 4955 remanenti,
1955 4875 2253 4962 prefatus
2278 4873 2503 4940 Abbas
