3731 6032
688 2416 758 2467 fo.
783 2416 896 2468 826.

691 3548 917 3611 Rectors,
943 3564 1057 3599 con-

689 3621 962 3675 traveners,
986 3631 1069 3665 ex-

689 3681 1074 3732 communicate.

691 4414 752 4464 o.
779 4414 836 4463 F.
861 4412 1010 4476 neon,

693 4480 706 4503 ‘
724 4479 908 4529 button
919 4479 933 4500 '
953 4491 967 4537 ς
989 4480 1091 4529 No-

691 4546 848 4608 tary's
867 4544 1072 4595 marks?

2068 983 2196 1050 346

1122 1155 1242 1227 tes,
1271 1150 1563 1218 habeant
1593 1157 1661 1220 et
1689 1153 2073 1240 possideant
2102 1151 2485 1217 inconcusse
2510 1170 2529 1226 3
2559 1148 2853 1235 predicto
2873 1147 3137 1214 Rectori

1123 1253 1410 1321 Ecclesie
1440 1256 1522 1322 de
1553 1256 1925 1326 Haseltona
1952 1261 2023 1323 et
2052 1255 2135 1321 de
2180 1252 2585 1347 3aneworth,
2612 1272 2809 1339 super
2836 1250 2987 1328 hiis,
3018 1271 3139 1318 suo

1122 1363 1192 1424 et
1238 1359 1524 1426 Ecclesie
1571 1383 1693 1427 suo
1745 1361 2031 1438 nomine,
2081 1361 2477 1445 perpetuum
2528 1356 2875 1422 silencium
2930 1357 3137 1444 impo-

1119 1467 1354 1530 nentes
1385 1488 1404 1546 ;
1494 1465 1843 1552 ipsumque
1920 1461 2433 1529 Winchecumbe
2507 1459 2985 1525 Monasterium
3058 1477 3137 1525 ac

1119 1567 1482 1652 Religiosos
1541 1569 1909 1655 premissos,
1974 1566 2183 1655 ipsius
2246 1564 2629 1630 Monasterii
2702 1567 2985 1642 nomine,
3046 1564 3135 1630 ab

1117 1672 1540 1758 impeticione
1589 1672 1838 1758 prefati
1902 1671 2218 1745 Rectoris,
2269 1667 2489 1754 quoad
2538 1668 2752 1754 petita
2798 1689 2916 1753 per
2968 1689 3140 1748 eum,

1117 1775 1626 1854 sentencialiter,
1676 1775 2086 1842 absolvimus
2133 1773 2206 1838 in
2251 1770 2383 1837 hiis
2426 1771 2707 1858 scriptis.
2816 1771 2901 1835 In
2951 1771 3139 1839 testi·

1117 1880 1432 1957 monium,
1485 1884 1732 1958 autem,
1779 1886 1849 1945 et
1902 1876 2285 1944 memoriam
2339 1874 2802 1962 premissorum
2846 1875 3139 1962 sigillum

1115 1986 1437 2061 nostrum,
1495 1983 1582 2049 ad
1651 1984 1949 2070 parcium
1964 2037 1979 2050 .
2006 1983 2304 2067 ipsarum
2375 1984 2609 2067 rogatu
2618 2002 2701 2055 m,
2779 2000 2915 2044 una
2986 2000 3137 2047 cum

1117 2087 1474 2152 earundem
1517 2087 1772 2174 sigillis,
1817 2092 1895 2152 ut
1936 2091 2126 2172 gesta
2168 2084 2425 2151 notorie
2470 2105 2539 2148 se
2571 2082 2949 2161 exhibeant,
2988 2103 3140 2170 pre·

1116 2190 1416 2256 sentibus
1445 2196 1548 2256 est
1575 2212 1958 2278 appensum.
2037 2189 2282 2254 Datum
2314 2194 2382 2253 et
2401 2193 2627 2254 actum
2658 2189 2856 2252 Anno
2876 2187 3140 2252 Domini

1118 2293 1227 2358 die
1273 2298 1342 2358 et
1393 2293 1534 2359 loco
1573 2295 1889 2381 predictis
1912 2292 2301 2373 ’'—Quibus
2346 2292 2444 2356 ita
2489 2292 2711 2377 gestis,
2752 2298 2891 2356 tam
2938 2311 3138 2377 super

1119 2395 1598 2464 Certificatorio
1643 2398 1990 2483 Rescripto
2035 2395 2433 2482 ApostolicO,
2478 2400 2548 2460 et
2592 2395 2927 2460 sentencia
2984 2394 3139 2472 lata,

1118 2505 1198 2566 ut
1224 2502 1652 2588 premittitur,
1680 2500 1879 2589 plena
1923 2500 2401 2567 deliberacione
2446 2499 2703 2578 habita,
2738 2505 2819 2564 ut
2849 2499 3139 2577 decebat,

1115 2623 1267 2670 cum
1299 2625 1384 2669 ex
1414 2608 1602 2690 parte
1631 2604 1795 2671 dicti
1825 2604 2128 2671 Rectoris
2159 2604 2241 2669 de
2265 2602 2635 2668 Haseltona
2664 2607 2733 2667 et
2764 2601 3032 2689 Capelle
3054 2603 3137 2669 de

1127 2708 1527 2792 3aneworth,
1557 2708 1763 2774 nichil
1793 2708 1869 2773 in
1897 2709 2113 2795 figura
2142 2708 2371 2773 iudicii
2401 2727 2619 2773 coram
2653 2705 2867 2772 Nobis
2898 2706 3137 2773 fuisset

1116 2811 1529 2897 propositum
1569 2833 1688 2899 per
1733 2812 2231 2879 Procuratorem
2258 2812 2557 2876 Rectoris
2604 2812 2944 2888 antedicti,
2974 2832 3137 2896 quo-

1120 2915 1343 2979 minus
1373 2915 1708 2981 sentencia
1732 2917 1877 3002 ipsa
1912 2915 2179 2981 deberet
2199 2914 2459 2980 effectui
2490 2914 2715 2980 debito
2738 2914 3137 2993 demandari,

1115 3024 1209 3097 et,
1237 3024 1558 3105 tanquam
1589 3020 1764 3086 iuste
1793 3019 1933 3086 lata
1955 3025 2259 3107 optatum
2283 3020 2486 3085 debet
2500 3020 2723 3085 sortiri
2743 3019 3137 3085 effectum—-

1117 3122 1271 3199 Nos,
1302 3122 1520 3189 Deum
1550 3123 1858 3211 precipue
1903 3146 2019 3211 pre
2064 3124 2269 3191 oculis
2298 3124 2635 3201 habentes,
2659 3124 3136 3209 presertimque

1117 3226 1380 3293 iusticie
1423 3229 1711 3306 semitas,
1755 3250 1921 3315 quas
1966 3229 2147 3314 sequi
2190 3229 2645 3314 astringimur,
2673 3226 3136 3313 ponderantes,

1115 3329 1448 3417 prefatam
1477 3332 1881 3399 sentenciam
1910 3331 2271 3400 secundum
2314 3333 2524 3419 ipsius
2565 3332 2865 3407 formam,
2899 3332 3037 3396 vim
3068 3336 3137 3397 et

1121 3432 1446 3511 effectum,
1469 3435 1883 3502 decernimus
1900 3436 2267 3501 munimine
2278 3435 2659 3523 Apostolico
2680 3435 3138 3513 roborandam,

1119 3537 1190 3602 in
1238 3542 1597 3624 posterum,
1640 3540 1907 3606 iusticia
1949 3540 2313 3615 suadente3
2361 3539 2745 3624 dictumque
2790 3539 3133 3606 Rectorem

1117 3661 1196 3707 ac
1223 3662 1376 3707 suos
1405 3663 1804 3709 successores
1848 3664 2296 3729 quoscunque,
2339 3644 2411 3707 in
2454 3643 2741 3709 Ecclesia
2769 3649 3133 3709 memorata

1121 3749 1194 3810 et
1225 3745 1536 3811 Rectores
1579 3745 1844 3813 futuros
1887 3746 1975 3812 ad
2004 3746 2532 3813 observacionem
2572 3749 2907 3813 sentencie
2936 3745 3133 3833 preli-

1124 3848 1280 3915 bate
1311 3849 1758 3936 [obligamus],
1785 3850 1911 3916 sub
1940 3870 2113 3937 pena
2156 3850 2869 3928 excommunicacionis,
2916 3871 3133 3935 quam,

1121 3957 1191 4018 et
1219 3973 1420 4033 nunc,
1436 3954 1508 4017 in
1525 3975 1836 4041 personas
1865 3954 2225 4019 eorundem
2248 3955 2819 4020 contravenientes
2850 3955 2933 4019 de
2956 3954 3135 4020 facto

1118 4057 1192 4122 in
1233 4056 1364 4121 hiis
1405 4058 1668 4143 scriptis
1713 4057 2007 4123 diximus
2051 4058 2537 4143 proferendum.
2632 4060 2715 4123 Et
2746 4062 2824 4122 ut
2852 4058 3132 4144 singulis

1118 4158 1202 4224 de
1230 4161 1564 4245 premissis
1594 4162 1850 4227 notorie
1887 4161 2163 4249 liqueat,
2206 4162 2278 4226 in
2323 4162 2778 4227 testimonium
2810 4162 2905 4227 rei
2950 4168 3133 4247 geste

1117 4262 1409 4348 sig-illum
1465 4269 1765 4331 nostrum
1822 4267 2114 4353 presenti
2188 4268 2513 4349 scripture
2587 4275 2688 4331 est
2747 4286 3132 4352 appensum.

1116 4366 1369 4432 Datum
1401 4372 1468 4433 et
1498 4374 1721 4435 actum
1751 4390 1945 4448 anno,
1974 4372 2082 4436 die
2112 4374 2182 4436 et
2212 4370 2352 4437 loco
2396 4370 2807 4457 supradictis.
2916 4370 3005 4436 Et
3034 4377 3135 4438 est

1117 4469 1540 4537 interlineare
1584 4478 1618 4506 ‘⁸
1645 4470 1714 4558 ly
1743 4474 1951 4541 Reum
1974 4474 2008 4500 ’⁹
2036 4477 2196 4539 ante
2225 4473 2812 4559 consignacionem.

687 4706 1094 4759 cccxxxvnl.
1121 4697 1476 4766 Sentencia
1505 4698 1883 4786 diffinitiva
1912 4708 2151 4768 contra
2172 4700 2516 4769 Rectorem
2545 4702 2625 4770 de
2648 4704 2720 4768 H
2721 4704 3028 4774 aseltom
3056 4706 3137 4774 de

691 4936 752 4986 15
780 4936 898 4987 Dee.
929 4938 1070 4987 1866.

1293 4822 1440 4870 uno
1473 4802 1840 4891 Capellano
1872 4804 2286 4871 inveniendo
2330 4806 2525 4892 apud
2558 4808 2961 4897 3a‘neworth.

1209 4920 1560 4991 Universis
1593 4924 1832 4992 Sancte
1853 4925 2099 4993 'Matris
2146 4924 2433 4993 Ecclesie
2475 4928 2651 5009 filiis,
2680 4930 2767 4997 ad
2798 4952 2959 5017 quos
2990 4952 3134 5020 pre·
