3731 6032
724 1674 779 1723 in
809 1676 1023 1727 Gretton
1044 1691 1056 1733 ;

720 2092 788 2143 fo.
814 2095 891 2144 90.

718 3653 773 3702 in
797 3653 1035 3716 Halling:

714 3862 772 3911 in
796 3861 999 3925 Sudley.

2104 986 2230 1048 108

1153 1146 1233 1211 de
1286 1146 1850 1230 Wynchecumbe:
1915 1160 2046 1213 tres
2095 1170 2275 1214 acras
2330 1154 2502 1214 terre
2563 1154 2632 1213 et
2692 1146 3037 1212 dimidiam
3093 1148 3162 1208 et

1153 1272 1353 1315 unam
1406 1272 1622 1315 acram
1656 1252 1832 1337 prati
1863 1272 2013 1317 cum
2060 1252 2486 1337 pertinenciis
2531 1253 2602 1315 in
2633 1250 2861 1316 eadem
2893 1248 3055 1313 villa
3085 1248 3167 1311 de

1153 1354 1353 1419 Grete
1408 1354 1488 1417 de
1542 1352 1797 1420 Thoma
1848 1354 2165 1420 Colemon
2214 1354 2296 1419 de
2343 1353 2922 1441 Wynchecumbe:
2972 1372 3174 1416 unam

1152 1458 1425 1541 [acram]
1486 1464 1660 1523 terre
1719 1480 1871 1523 cum
1931 1460 2360 1545 pertinenciis
2435 1461 2506 1523 in
2583 1460 2808 1524 eadem
2868 1456 3032 1521 villa
3089 1454 3172 1519 de

1154 1559 1442 1625 Radulfo
1463 1561 1523 1626 le
1542 1560 1830 1649 Paynter
1848 1561 1932 1626 de
1944 1562 2506 1646 Wynchecumbe:
2531 1583 2736 1627 unum
2763 1560 3168 1644 mesuagium

1152 1685 1301 1729 cum
1334 1664 1750 1746 pertinenciis
1782 1667 1854 1729 in
1885 1665 2163 1731 Gretton
2209 1666 2292 1731 de
2340 1665 2636 1731 Iohanne
2679 1669 2823 1730 atte
2859 1662 3057 1728 Walle
3087 1661 3168 1727 de

1151 1767 1685 1834 Frerenehenton
1713 1794 1728 1833 :
1780 1790 1983 1835 unam
2013 1791 2230 1835 acram
2263 1778 2436 1835 terre
2465 1791 2615 1835 cum
2647 1768 3068 1852 pertinenciis
3097 1766 3172 1831 in

1150 1870 1379 1935 eadem
1433 1871 1594 1935 villa
1639 1871 1721 1937 de
1776 1871 2129 1948 willelmo,
2179 1872 2319 1938 filio
2373 1872 2692 1937 Willelmi
2750 1872 3040 1936 Wisdam
3087 1870 3169 1935 de

1152 1974 1451 2050 Gretton,
1483 1995 1684 2039 unam
1712 1996 1934 2041 acram
1967 1981 2142 2041 terre
2171 1997 2321 2041 cum
2368 1976 2792 2062 pertinenciis
2839 1975 2910 2039 in
2939 1974 3170 2040 eadem

1150 2078 1311 2143 villa
1371 2078 1453 2143 de
1516 2078 1814 2155 Matilda,
1858 2100 1990 2165 que
2049 2079 2188 2144 fuit
2233 2101 2403 2145 uxor
2455 2080 2775 2144 Willelmi
2835 2078 3169 2143 Wisdam:

1148 2183 1441 2267 quinque
1471 2204 1653 2248 acras
1681 2187 1857 2250 terre
1913 2188 1983 2249 et
2031 2182 2377 2249 dimidiam
2429 2205 2578 2249 cum
2630 2183 3055 2269 pertinenciis
3099 2182 3168 2247 in

1147 2286 1377 2350 eadem
1426 2286 1590 2351 villa
1650 2286 1733 2351 de
1775 2287 2043 2352 Simone
2098 2286 2456 2372 Ingelhard
2503 2288 2585 2351 de
2644 2286 2958 2351 Gretton:
3006 2285 3170 2351 duas

1145 2410 1326 2454 acras
1356 2394 1531 2456 terre
1562 2394 1631 2455 et
1657 2390 1998 2455 dimidiam
2029 2411 2176 2457 cum
2209 2390 2633 2476 pertinenciis
2663 2390 2736 2454 in
2760 2389 2988 2455 eadem
3009 2388 3170 2453 villa

1148 2492 1229 2557 de
1261 2494 1551 2560 Henrico
1584 2494 1958 2560 Beaumont
1988 2493 2069 2559 de
2101 2495 2384 2559 Gretton
2417 2498 2486 2559 et
2516 2494 2728 2559 Alicia
2755 2514 2963 2559 uxore
2995 2493 3168 2557 eius:

1144 2617 1347 2661 unam
1380 2618 1599 2663 acram
1634 2604 1806 2663 terre
1850 2619 2000 2663 cum
2045 2599 2468 2684 pertinenciis
2514 2599 2585 2661 in
2621 2597 2849 2663 eadem
2885 2596 3044 2661 villa
3087 2596 3170 2661 de

1148 2702 1443 2766 Iohanne
1494 2701 1809 2787 Dousyng
1854 2701 1936 2767 de
1968 2700 2501 2787 Wynchecumbe
2546 2706 2615 2765 et
2667 2702 2927 2786 Agnete
2971 2720 3170 2765 uxore

1146 2805 1328 2870 eius:
1375 2804 1539 2869 duas
1570 2825 1753 2869 acras
1782 2806 1960 2889 prati
1991 2826 2140 2869 cum
2173 2804 2596 2890 pertinenciis
2642 2806 2713 2868 in
2745 2795 2973 2867 eadem
3010 2802 3168 2868 villa

1146 2906 1227 2971 de
1260 2908 1575 2980 Iohanne,
1606 2908 1743 2971 filio
1776 2908 2038 2973 Ricardi
2071 2907 2150 2973 de
2177 2907 2465 2993 Blebury
2489 2908 2570 2971 de
2599 2905 3162 2993 Wynchecumbe:

1146 3012 1489 3077 duodecim
1520 3010 1863 3076 deneratas
1895 3011 2192 3077 redditus
2215 3034 2365 3077 cum
2387 3011 2814 3091 pertinenciis
2838 3011 2908 3075 in
2933 3010 3162 3075 eadem

1144 3115 1307 3180 villa
1337 3116 1419 3180 de
1450 3115 1730 3181 Ricardo
1763 3115 2090 3181 Mouhaut
2134 3116 2216 3181 de
2263 3116 2582 3182 Gretton:
2632 3114 2798 3179 duas
2849 3113 3164 3179 solidatas

1145 3219 1444 3284 redditus
1473 3239 1622 3284 cum
1670 3218 2097 3304 pertinenciis
2142 3219 2215 3283 in
2265 3220 2494 3285 eadem
2539 3218 2698 3282 villa
2743 3219 2825 3282 de
2877 3217 3166 3283 Henrico

1152 3321 1466 3407 Umfreys
1527 3322 1607 3386 de
1660 3321 2061 3387 Shirborne:
2124 3343 2240 3387 sex
2295 3345 2477 3388 acras
2537 3327 2710 3387 terre
2761 3342 2909 3386 cum
2966 3321 3170 3404 perti-

1144 3427 1395 3490 nenciis
1425 3427 1497 3490 in
1530 3426 1950 3511 Froulynton
1982 3427 2064 3491 de
2121 3425 2417 3492 Iohanne
2465 3426 2546 3491 de
2595 3426 3052 3511 Bracebrugge
3083 3424 3165 3489 de

1148 3529 1471 3594 Gretton:
1541 3550 1751 3594 unum
1815 3531 2227 3616 mesuagium
2289 3535 2357 3595 et
2419 3530 2582 3594 duas
2642 3550 2824 3594 acras
2877 3533 3050 3592 terre
3101 3531 3171 3593 et

1148 3632 1489 3697 dimidiam
1525 3655 1672 3698 cum
1706 3635 2133 3720 pertinenciis
2163 3635 2234 3697 in
2280 3634 2576 3716 Hallyng
2621 3632 2703 3697 de
2733 3632 3002 3708 Thoma‚
3032 3632 3169 3697 filio

1150 3736 1463 3800 Willelmi
1526 3737 1755 3818 Dogge
1804 3736 1886 3800 de
1947 3736 2285 3822 Hallyng:
2351 3736 2516 3801 duas
2567 3757 2749 3801 acras
2795 3741 2967 3799 terre
3018 3755 3170 3800 cum

1147 3839 1570 3926 pertinenciis
1624 3841 1695 3904 in
1746 3840 1994 3919 Sudley
2027 3841 2108 3905 de
2161 3839 2513 3915 willelmo,
2543 3839 2683 3904 filio
2737 3837 3054 3903 willelmi
3099 3837 3173 3903 of

1148 3943 1263 4008 the
1324 3943 1528 4008 Hulle
1584 3944 1666 4008 de
1719 3942 2297 4029 Wynchecumbe:
2343 3947 2413 4008 et
2472 3964 2674 4007 unam
2727 3962 2944 4006 acram
2996 3948 3171 4006 terre

1148 4067 1298 4111 cum
1329 4047 1753 4132 pertinenciis
1785 4049 1857 4111 in
1892 4047 2120 4112 eadem
2167 4047 2330 4111 villa
2374 4046 2458 4110 de
2503 4045 2799 4110 Iohanne
2841 4045 2901 4110 le
2934 4045 3172 4109 Malte-

1148 4171 1303 4213 mon
1336 4152 1415 4215 de
1446 4149 1986 4235 Wynchecumba
2015 4173 2028 4215 :
2075 4172 2202 4236 que
2233 4150 2314 4215 de
2345 4150 2558 4215 Nobis
2589 4171 2722 4215 non
2753 4154 3067 4214 tenentur
3097 4151 3171 4213 in

1150 4255 1385 4340 capite,
1416 4259 1494 4318 ut
1526 4254 1787 4330 dicitur,
1817 4261 1970 4341 post
2016 4255 2535 4340 publicacionem
2582 4253 2834 4318 Statuti
2865 4252 2948 4317 de
2979 4253 3172 4317 terris

1152 4363 1220 4422 et
1250 4359 1645 4423 tenementis
1674 4357 1760 4422 ad
1792 4379 2063 4422 manum
2096 4363 2424 4423 mortuam
2454 4378 2580 4422 non
2614 4355 2937 4443 ponendis
2987 4356 3171 4433 editi,

1152 4467 1221 4526 et
1280 4483 1356 4526 ea
1417 4462 1861 4544 ingrediendO,
1925 4462 2200 4527 licencia
2250 4462 2525 4539 domini,
2579 4467 2647 4526 et
2698 4483 2912 4547 nuper
2973 4461 3168 4543 Regis

1153 4564 1407 4651 Anglie,
1481 4565 1699 4630 Patris
1774 4565 2028 4642 Nostri,
2100 4569 2169 4630 et
2242 4565 2486 4630 Nostra
2571 4585 2767 4650 super
2836 4563 2962 4629 hoc
3033 4583 3170 4628 non

1152 4677 1443 4753 optenta.
1534 4669 1622 4732 Et
1696 4669 2132 4733 concessimus
2206 4689 2326 4754 pro
2403 4668 2615 4733 Nobis
2689 4673 2758 4732 et
2814 4666 3168 4732 heredibus

1152 4773 1418 4850 nostris,
1447 4776 1771 4856 quantum
1818 4773 1888 4836 in
1933 4772 2126 4837 nobis
2171 4778 2288 4849 est,
2325 4771 2570 4836 eisdem
2621 4771 2866 4837 Abbati
2899 4774 2966 4835 et
2997 4768 3171 4835 Con·

1156 4875 1408 4953 ventui,
1438 4876 1616 4961 quod
1645 4877 1769 4962 ipsi
1804 4879 2184 4941 tenementa
2212 4875 2507 4962 predicta
2550 4896 2702 4943 cum
2745 4875 3174 4960 pertinenciis
