3731 6032
1511 983 1634 1056 277

564 1163 638 1224 et
711 1156 1087 1224 Conventui
1153 1153 1705 1240 Wynchecumbe,
1773 1154 2092 1228 Salutem,
2151 1152 2454 1219 Graciam
2508 1156 2577 1216 et
2602 1165 2689 1214 the
2712 1180 2925 1242 vqcanoy
2948 1166 3004 1214 of

571 1261 1129 1328 Benediccionem.
1219 1257 1304 1322 In
1335 1257 1749 1324 exhibicione
1778 1258 2013 1344 gracie,
2042 1257 2138 1321 hii
2174 1257 2313 1322 Nos
2338 1255 2577 1321 debent.
2602 1231 2692 1358 {¹35
2701 1231 2950 1345 {2²3⁰}ss

571 1364 970 1432 favorabiles
1000 1363 1318 1438 invenire,
1345 1383 1623 1447 quorum
1653 1362 2027 1428 devocionis
2054 1361 2396 1427 sinceritas
2425 1380 2581 1444 erga
2606 1360 3007 1474 Geoffrefflrtamg

575 1469 715 1534 Nos
769 1468 1012 1554 iugiter
1065 1467 1298 1531 extitit
1347 1463 1693 1530 indefessa.
1784 1465 1989 1531 Plane
2034 1464 2324 1530 innotuit
2369 1463 2581 1529 Nobis
2604 1427 2885 1540 ffletffioge
2906 1495 3008 1540 two

574 1595 651 1638 ex
684 1577 908 1637 vestra
935 1571 1281 1645 relacione,
1303 1570 1409 1635 cui
1454 1569 1845 1635 adhibemus
1874 1569 2135 1654 plenam
2172 1569 2383 1644 fidem,
2406 1566 2583 1653 quod
2608 1556 2828 1613 ⁸¹¹0²V³⁸³

573 1676 737 1740 duas
782 1675 1019 1761 garbas
1064 1675 1466 1739 decimarum
1519 1672 1605 1737 ad
1654 1671 2011 1739 Ecclesiam
2057 1673 2138 1736 de
2182 1671 2584 1737 Schirburne

573 1777 1020 1861 spectancium
1069 1774 1582 1862 percipientibus
1643 1776 1729 1841 ab
1773 1776 2345 1860 antiquo--tercia
2381 1772 2589 1858 garba

575 1884 865 1967 ipsarum
909 1881 1307 1944 decimarum
1354 1899 1553 1964 penes
1598 1878 1891 1944 eiusdem
1938 1878 2222 1943 Ecclesie
2251 1877 2587 1942 vicariurn

575 1983 1468 2067 remanente—frequencius
1497 1983 1796 2068 contigit,
1825 1983 2000 2047 inter
2047 1989 2297 2046 vestros
2328 1985 2397 2046 et
2426 1981 2587 2045 dicti

577 2088 824 2154 Vicarii
884 2085 1266 2152 huiusmodi
1324 2085 1680 2171 garbarum
1753 2085 2129 2151 collectores
2192 2084 2390 2149 verba
2440 2102 2587 2148 con-

577 2191 927 2256 tumeliosa
958 2191 1328 2276 provenire,
1350 2194 1419 2254 et
1450 2189 1682 2254 exinde
1706 2188 2157 2254 oblocucionae
2187 2194 2256 2254 et
2283 2186 2591 2254 scandala
2616 2219 2695 2267 fo„
2716 2217 2951 2280 avoiding

578 2294 885 2359 suboriri.
975 2293 1212 2372 Quare,
1262 2314 1392 2357 non
1446 2296 1709 2358 tantum
1758 2293 1839 2356 ad
1890 2291 2276 2358 evitandum
2331 2290 2480 2356 lites
2524 2295 2593 2355 et
2616 2284 2841 2348 quatrale
2862 2283 2965 2331 ‘md

581 2398 828 2483 iurgia,
874 2419 1000 2484 que
1044 2398 1220 2460 inter
1262 2396 1396 2461 Vos
1448 2400 1517 2462 et
1559 2396 1899 2462 Vicarium
1954 2396 2120 2460 inibi
2168 2406 2593 2470 moraturum,
2617 2348 2902 2463 3:725}ss
2916 2347 3019 2461 olgi-

579 2506 774 2565 nacta
833 2523 916 2563 ex
975 2498 1104 2562 hiis
1165 2499 1514 2568 occasione,
1564 2502 1834 2584 possent
1893 2497 1975 2563 de
2033 2496 2217 2565 facili
2267 2497 2587 2585 pululare,
2611 2479 2799 2595 ξξξζζζῗ
2831 2477 2885 2526 ⁰¹
2927 2478 3017 2527 '²¹³⁰

583 2609 908 2688 quantum
933 2603 1020 2666 ad
1050 2601 1565 2666 subveniendam
1591 2602 2028 2686 exiguitatem
2051 2606 2267 2666 vestre
2281 2601 2586 2667 substan-

583 2710 681 2772 cie
715 2729 969 2772 necnon
999 2706 1083 2770 ad
1130 2704 1650 2792 supportandum
1698 2705 2175 2790 hospitalitatis
2218 2727 2434 2783 onera,
2465 2727 2592 2792 que

587 2811 828 2896 iugiter
859 2811 1208 2877 noscimini
1239 2814 1659 2895 supportare3
1699 2831 1775 2874 ac
1803 2810 1888 2874 ad
1918 2809 2304 2875 relevandas
2334 2831 2596 2896 oppres-

585 2916 819 2990 sioneS,
854 2935 1019 3000 quas
1049 2913 1477 2989 sustinuistis,
1508 2915 1580 2976 in
1623 2913 1983 2978 novissima
2021 2914 2343 2998 generalis
2374 2913 2599 2979 turba-

586 3019 792 3084 cionis
822 3018 1124 3105 procella,
1172 3018 1377 3082 Nobis
1420 3016 1766 3083 humiliter
1817 3019 2223 3104 supplicatis,
2268 3024 2347 3083 ut
2402 3041 2602 3105 super

589 3123 708 3188 hoc
738 3122 1211 3205 tranquillitati
1236 3122 1440 3185 vestri
1461 3126 1676 3186 status
1701 3128 1769 3185 et
1787 3123 1932 3207 paci
1954 3121 2301 3207 providere
2324 3125 2601 3207 paterna

591 3226 1030 3291 sollicitudine
1061 3246 1454 3300 curaremus
1484 3225 1661 3310 quod
1703 3247 1840 3289 non
1884 3230 2151 3291 tantum
2195 3227 2600 3291 commodius

588 3336 915 3415 quantum
973 3329 1364 3394 clemencius
1423 3330 1565 3393 fieri
1625 3334 1861 3415 posset,
1918 3331 1976 3394 si
2021 3330 2266 3395 dictam
2326 3332 2599 3395 terciam
2624 3317 2688 3366 ¹⁰·
2715 3314 2826 3363 '²4⁶’

587 3432 882 3519 garbam,
932 3454 1130 3517 quam
1165 3432 1462 3497 Vicarius
1506 3434 1646 3517 ipse
1689 3434 2021 3519 percipere
2064 3434 2425 3511 consuevit,
2456 3454 2599 3519 pre-

592 3537 786 3601 dictis
849 3535 1107 3599 duabus
1159 3534 1386 3620 garbis
1446 3536 1680 3600 vestris
1726 3537 2081 3613 uniremuS,
2131 3536 2255 3604 hoc
2312 3540 2603 3625 presenti

593 3646 903 3725 tempore,
937 3660 1067 3723 quo
1099 3638 1356 3703 Vicaria
1384 3638 1529 3723 ipsa
1571 3644 1710 3703 tam
1763 3638 1844 3703 de
1897 3640 2039 3704 iure
2083 3662 2281 3725 quam
2314 3642 2394 3706 de
2422 3642 2603 3707 facto

594 3748 809 3819 vacat,
839 3762 954 3827 per
1001 3740 1335 3805 decessum
1384 3740 1687 3818 Galfridi,
1717 3743 2017 3826 proximo
2062 3744 2503 3809 ministrantis
2532 3746 2605 3809 in

592 3845 842 3920 eadem,
873 3845 1063 3909 cuius
1098 3846 1200 3909 ius
1233 3849 1624 3929 patronatus
1654 3846 1738 3909 ad
1772 3845 1906 3909 Vos
1936 3850 2229 3911 noscitur
2258 3849 2603 3933 pertinere.

597 3948 756 4024 Nos,
771 3950 997 4032 igitur,
1019 3947 1455 4033 perspicacius
1477 3948 1897 4013 advertentes
1916 3954 2199 4013 vestram
2213 3951 2604 4016 relacionem

599 4052 878 4116 veritate
921 4051 1293 4127 subnixam,
1339 4051 1571 4115 vestris
1619 4052 2215 4137 supplicacionibus
2264 4053 2606 4120 efficaciter

599 4155 1006 4220 inclinamus.
1097 4155 1290 4232 Aliis,
1319 4156 1544 4230 eciam,
1589 4153 1979 4230 racionibus,
2009 4176 2137 4240 que
2180 4156 2266 4220 ad
2295 4158 2608 4223 exhiben-

599 4258 752 4323 dam
798 4257 1000 4321 Vobis
1042 4258 1330 4343 graciam
1392 4256 1531 4322 Nos
1589 4262 1877 4335 movent,
1934 4259 2195 4344 plenius
2246 4260 2609 4340 informati,

603 4361 979 4426 huiusmodi
1029 4362 1276 4427 dictam
1320 4362 1590 4427 terciam
1619 4361 1911 4447 garbam,
1941 4364 2011 4426 in
2055 4366 2609 4430 sustentacionem

605 4465 1076 4549 hospitalitatis
1108 4469 1176 4532 et
1224 4465 1610 4531 Monasterii
1659 4466 1868 4531 vestri
1918 4466 2307 4545 subsidium,
2336 4468 2614 4554 prefatis

606 4567 860 4632 duobus
902 4566 1122 4653 garbis
1167 4568 1402 4633 vestris
1446 4568 1748 4654 superius
1793 4571 2171 4635 memoratis
2215 4591 2293 4635 ex
2321 4592 2499 4636 nunc
2529 4594 2615 4637 ex

603 4674 784 4735 certa
801 4670 1080 4736 sciencia
1102 4672 1387 4747 unimm,
1407 4671 1556 4735 dam
1565 4693 1656 4750 u8‚
1683 4671 2095 4737 concedimus
2115 4678 2184 4738 et
2204 4674 2615 4759 assignamus

605 4775 675 4837 in
707 4780 960 4839 vestros
990 4796 1164 4851 nsua
1194 4774 1460 4861 pacifice
1491 4780 1560 4839 et
1587 4780 1907 4861 perpetuo
1934 4776 2415 4861 possidendam.
2460 4778 2614 4845 Pro-

606 4878 746 4942 viso
770 4878 945 4942 inter
969 4892 1200 4955 cetera,
1222 4884 1302 4943 ut
1326 4876 1625 4945 Vicarius
1645 4876 1818 4958 dicte
1843 4878 2127 4945 Ecclesie
2151 4880 2616 4961 deserviturus,
