3731 6032
1568 1018 1651 1083 65

597 1172 948 1257 prefertur,
976 1178 1493 1265 condempnatus
1530 1178 1775 1256 extitit,
1807 1179 1912 1245 vel
1960 1178 2308 1245 dicendum
2354 1183 2423 1246 et
2451 1200 2604 1245 cau-

596 1295 738 1341 sam
767 1281 1233 1347 racionabilem
1263 1282 1683 1369 allegandum
1714 1304 1913 1369 quare
1942 1283 2153 1348 taxari
2182 1303 2318 1347 non
2346 1282 2603 1358 debeat,

597 1372 715 1460 per
784 1384 1113 1467 quendam
1173 1385 1422 1451 domini
1503 1385 1713 1451 nostri
1772 1384 1948 1471 Pape
2007 1384 2357 1451 Cursorem
2414 1385 2606 1451 citari

598 1483 1060 1553 mandavimus
1110 1494 1181 1554 et
1236 1488 1537 1566 fecimuS,
1593 1488 1677 1553 ad
1735 1496 1990 1555 certum
2047 1489 2401 1553 terminum
2463 1510 2607 1573 per-

598 1590 997 1669 emptorium
1029 1595 1529 1678 competentem,
1559 1612 1755 1677 quem
1780 1592 1907 1677 ipsi
1935 1592 2247 1677 Magistro
2279 1592 2608 1657 Richardo

605 1688 925 1776 Drayton,
971 1693 1403 1772 Procuratori,
1448 1695 1771 1771 similiter,
1837 1696 2213 1771 statuimus,
2287 1700 2464 1771 tunc,
2521 1694 2608 1759 ad

601 1792 793 1859 idem.
884 1796 1141 1877 Quibus
1172 1798 1435 1882 quidem
1492 1797 1599 1863 die
1643 1804 1712 1863 et
1756 1798 1917 1863 hora
1967 1798 2244 1863 inferius
2272 1799 2606 1863 annotatis

597 1896 1125 1978 advenientibus,
1207 1903 1577 1988 comparuit
1648 1902 1721 1967 in
1794 1901 2042 1983 iudicio·
2116 1922 2332 1967 coram
2416 1901 2604 1967 nobis

602 1999 921 2086 Magister
994 2004 1313 2070 Ricardus
1384 2005 1708 2089 Drayton,
1781 2003 2171 2071 Procurator
2256 2004 2608 2092 predictuS,
2634 2026 2858 2077 Smivain

599 2108 1047 2188 procuratorio
1120 2111 1410 2187 nomine,
1483 2130 1613 2195 quo
1679 2130 1897 2195 supra,
1958 2108 2234 2191 predicti
2303 2108 2609 2195 Magistri
2635 2094 3037 2207 225⁶?ssssssss

601 2206 917 2274 Iohannis
962 2210 1282 2286 Scrivain,
1328 2212 1773 2277 Procuratoris
1817 2212 2196 2288 exadversO,
2240 2213 2446 2287 citati,
2476 2234 2606 2277 non
2635 2238 2740 2300 nor·
2769 2226 2826 2273 to
2857 2220 3036 2285 appan

598 2315 1055 2397 comparentis
1112 2337 1233 2380 nec
1291 2337 1611 2401 expensas
1663 2314 1989 2401 predictas
2070 2315 2284 2379 taxari
2369 2316 2609 2393 videre,
2633 2286 3021 2418 &22¹²ng

600 2435 721 2481 nec
778 2438 1042 2483 causam
1102 2418 1585 2496 racionabilem‚
1636 2440 1835 2504 quare
1883 2418 2098 2484 taxari
2151 2439 2283 2483 non
2314 2417 2615 2513 debeant,
2643 2419 2704 2467 45
2726 2416 2900 2467 noxius
2921 2418 2976 2467 0⁶

596 2517 882 2602 allegare
938 2522 1255 2598 curantis,
1304 2523 1782 2588 contumaciam
1851 2522 2211 2599 accusavit,
2269 2522 2614 2608 ipsumque
2639 2482 2976 2598 goffmffirthe

600 2628 1048 2690 contumacem
1080 2626 1393 2711 reputari,
1423 2630 1491 2691 et
1521 2627 1593 2689 in
1640 2626 1779 2691 eius
1823 2627 2321 2701 contumaciam,
2351 2626 2610 2691 easdem
2637 2614 3008 2745 ehffiffigfy

598 2744 909 2810 expensas
957 2749 1073 2810 per
1117 2749 1236 2792 nos
1295 2728 1513 2793 taxari
1563 2732 1632 2793 et
1689 2728 2030 2804 moderari,
2085 2748 2234 2793 cum
2287 2729 2612 2793 instancia
2636 2744 2691 2792 of
2713 2744 2884 2805 Rome,

600 2830 981 2915 postulavit.
1107 2831 1265 2906 Nos,
1325 2835 1501 2906 tunc,
1561 2831 1842 2895 eundem
1903 2832 2200 2906 citatum,
2257 2852 2391 2896 non
2440 2853 2610 2896 com-

600 2940 963 3019 parentem,
993 2955 1111 2999 nec
1142 2934 1518 2999 huiusmodi
1541 2936 1822 2999 termino
1846 2934 2227 3001 satisfacere
2251 2942 2608 3013 curantem,

598 3037 820 3104 debite
853 3044 1075 3103 tamen
1106 3044 1545 3125 expectatum,
1578 3039 1795 3125 quoad
1845 3043 2071 3104 actum
2115 3057 2182 3104 et
2240 3042 2600 3105 terminum

604 3141 984 3207 huiusmodi
1048 3142 1503 3228 reputavimus
1584 3152 2054 3208 contumacem.
2163 3142 2244 3206 In
2280 3143 2615 3229 ipsiusque

601 3247 1105 3324 contumaciam,
1136 3267 1447 3331 expensas
1478 3245 1823 3330 predictae,
1841 3246 1926 3310 ad
1956 3245 2394 3331 quadraginta
2424 3248 2616 3330 quin-

601 3371 731 3434 que
776 3348 1051 3414 florenos
1096 3351 1240 3412 auri
1284 3350 1366 3413 de
1421 3350 1691 3414 Camera
1739 3351 1894 3414 boni
1947 3355 2014 3414 et
2056 3349 2227 3434 justi
2288 3351 2616 3434 ponderis,

606 3452 789 3536 [qua]
838 3451 1285 3516 mode-racione
1336 3473 1691 3537 possumus,
1750 3453 2128 3517 taxavimus
2187 3457 2255 3517 et
2313 3457 2613 3518 taxamus

605 3576 721 3641 per
772 3559 1116 3640 presentes.
1225 3554 1530 3639 ReceptO,
1588 3561 1807 3620 tamen
1862 3557 2188 3640 primituS,
2245 3555 2612 3620 iuramento
2635 3575 2724 3625 fol.
2751 3578 2828 3629 50.

601 3658 691 3723 ad
720 3657 949 3722 eodem
994 3657 1313 3744 Magistro
1362 3657 1689 3724 Richardo
1741 3657 2047 3744 Drayton
2092 3659 2179 3723 ad
2224 3658 2608 3723 mandatum
2631 3706 2795 3742 swern
2811 3692 2881 3757 by

604 3769 922 3836 nostrum,
955 3766 1024 3826 et
1056 3762 1124 3824 in
1156 3763 1399 3826 nostris
1443 3761 1747 3826 manibus
1790 3762 2216 3828 sacrosanctis
2267 3763 2608 3847 scripturis
2633 3758 2952 3874 ffissytonhto
2975 3759 3038 3810 ΒΘ

604 3865 1023 3941 manutactiS,
1050 3865 1131 3928 ad
1166 3863 1412 3930 Sancta
1440 3865 1818 3951 Evangelia,
1848 3865 2270 3951 corporaliter
2312 3867 2609 3950 prestit0‚
2632 3829 3036 3954 tusswextpssng:

600 3967 780 4053 quod
808 3972 946 4031 tam
977 3968 1135 4052 ipse,
1165 3989 1363 4051 quam
1412 3973 1481 4033 et
1531 3989 1683 4054 pars
1732 3989 1853 4033 sua
1899 3967 2208 4053 predicta,
2237 3973 2498 4033 tantum
2543 3977 2612 4033 et

606 4071 787 4135 ultra
844 4070 1383 4155 expendiderunt,
1446 4077 1514 4136 et
1559 4071 1775 4137 adhuc
1827 4072 2187 4136 necessario
2245 4071 2610 4158 expendere

601 4173 941 4239 habebant
992 4174 1062 4238 in
1114 4179 1182 4238 et
1232 4175 1610 4240 huiusmodi
1658 4195 1850 4240 cause
1898 4174 2351 4260 prosecucione
2397 4196 2610 4240 coram

600 4278 794 4343 nobis
823 4275 1022 4341 facta.
1110 4276 1193 4340 In
1224 4299 1497 4360 quorum
1526 4278 1819 4343 omnium
1865 4281 1935 4342 et
1983 4277 2391 4363 singulorum
2421 4281 2608 4344 testi-

602 4381 897 4445 monium
959 4381 1439 4466 premissorum,
1486 4391 1821 4468 presentes
1875 4385 2130 4446 nostras
2189 4382 2432 4460 literas,
2489 4406 2606 4449 seu

597 4505 865 4570 presens
922 4484 1255 4569 publicum
1300 4485 1836 4561 instrumentum,
1888 4483 2262 4550 huiusmodi
2313 4496 2606 4553 nostram

591 4587 1019 4654 diffinitivam
1061 4587 1460 4653 sentenciam
1512 4591 1581 4652 et
1624 4608 2050 4674 expensarum
2094 4590 2503 4655 taxacionem
2535 4593 2608 4657 in

597 4713 671 4757 se
700 4691 1112 4758 continentes
1140 4712 1257 4755 seu
1288 4694 1651 4770 continens,
1679 4713 1798 4777 per
1825 4690 2206 4768 Iohannem,
2255 4693 2605 4759 Notarium

594 4794 935 4877 publicum
1007 4801 1434 4880 nostrumque
1514 4802 1582 4860 et
1650 4794 2029 4860 huiusmodi
2111 4817 2302 4862 cause
2388 4818 2604 4863 coram

594 4897 789 4964 nobis
848 4896 1127 4963 scribam
1200 4897 1694 4984 infrascriptum
1768 4897 2088 4964 subscribi
2157 4903 2226 4965 et
2283 4899 2605 4986 publicari

896 5006 959 5058 K
