3731 6032
2072 977 2151 1077 §6

1111 1136 1289 1201 modi
1333 1136 1646 1201 canonica
1687 1135 2052 1200 monicione
2113 1133 2469 1219 premissa:
2518 1155 2595 1197 ac
2638 1134 2707 1197 in
2758 1130 3109 1197 Ecclesiam

1112 1238 1558 1305 Parochialem
1617 1237 1700 1303 de
1759 1235 2285 1323 wynchecombe
2350 1237 2711 1323 predictam
2774 1231 3111 1298 interdicti

683 1354 796 1407 The
818 1358 1022 1420 Binhop.
1045 1358 1088 1406 if
1109 1342 1512 1409 sentenciam
1560 1340 2359 1427 promulgamus—VobiS,
2420 1339 2803 1405 Reverendo
2846 1336 3112 1401 domine

680 1424 904 1484 adver-e,
932 1425 978 1473 is
997 1424 1084 1472 lia-

685 1488 768 1565 ble
815 1494 872 1538 to
921 1490 1084 1539 Inter·

1111 1448 1450 1532 Episcope,
1492 1446 1620 1519 cui,
1667 1443 1751 1510 ob
1789 1444 2229 1509 reverenciam
2277 1442 2677 1509 Pontificalis
2730 1440 3112 1527 Dignitatis,

683 1553 794 1603 ὠά·
822 1555 1022 1617 *εύῠεῡ
1109 1551 1418 1614 nolumus
1447 1548 1726 1635 prefatis
1756 1548 1999 1612 nostris
2026 1547 2377 1611 sentenciis
2401 1547 2494 1611 sic
2518 1546 2709 1633 ligari
2736 1569 2751 1623 ς
2794 1546 2849 1609 si
2880 1549 3113 1608 contra

685 1624 922 1669 enunties
975 1620 1086 1669 into

685 1684 776 1733 a..
817 1686 1084 1735 chnrch-
1110 1653 1429 1738 premissa
1479 1651 1588 1717 vel
1635 1650 1907 1736 aliquod
1958 1652 2425 1737 premissorum
2476 1650 2781 1723 feceritis,
2829 1670 2946 1733 per
2993 1668 3110 1710 vos

685 1748 817 1798 after
839 1751 1038 1799 further
1055 1754 1086 1800 6

681 1813 827 1877 day-⁹
863 1817 1090 1881 waning

689 1886 743 1927 to
791 1884 1086 1944 suspension

685 1946 884 1995 -after
941 1947 1088 1997 other

687 2012 720 2058 6
773 2012 914 2073 days,
969 2028 1085 2062 con-

1115 1755 1220 1820 vel
1278 1754 1673 1820 submissam
1733 1774 2119 1841 personam3
2181 1755 2251 1817 in
2311 1752 2415 1817 his
2474 1754 2735 1838 scriptis
2794 1751 3113 1837 premissa

1113 1859 1424 1923 canonica
1463 1857 1844 1933 monicione‚
1890 1858 2255 1939 ingressum
2302 1855 2587 1921 Ecclesie
2616 1855 3114 1929 interdicimus;

1111 1962 1190 2039 si,
1238 1982 1412 2038 vero,
1471 1960 1842 2046 predictum
1902 1959 2328 2024 interdictum
2388 1980 2506 2045 per
2564 1959 2723 2022 alios
2782 1980 2893 2021 sex
2954 1957 3112 2033 dies,

687 2078 1084 2135 secutivatoex·
1111 2065 1405 2150 prefatos
1443 2086 1562 2128 sex
1615 2064 1754 2127 dies
1806 2062 2182 2128 immediate
2228 2067 2593 2147 sequentesi,
2646 2061 3111 2137 sustinueritiS,

689 2143 1020 2219 epmmunien-

697 3607 1001 3658 Absolution

697 3674 922 3722 rosei-ved
943 3671 1095 3722 tothe

697 3739 1037 3788 Archdewon.

701 4256 924 4309 Ulterior

701 4337 967 4382 mensures,
991 4320 1033 4370 if

699 4387 902 4437 further
932 4388 1094 4451 griev-

699 4467 861 4503 meon.

1115 2190 1250 2243 vos„
1280 2168 1350 2231 in
1368 2167 1498 2231 hiis
1528 2168 1790 2253 scriptis
1819 2167 2019 2231 simili
2053 2166 2366 2257 canonica
2387 2166 2752 2231 monicione
2774 2164 3109 2251 premissa,

1114 2270 1576 2356 suspendimus
1607 2291 1646 2334 a
1679 2270 1924 2333 divinis
1952 2294 1967 2347 ;
2010 2292 2234 2334 verum
2263 2271 2320 2334 si
2350 2268 2645 2356 prefatas
2674 2268 3011 2333 interdicti
3044 2273 3113 2331 et

1115 2375 1557 2459 suspensionis
1616 2374 1984 2438 sentencias
2042 2394 2159 2459 per
2216 2373 2377 2438 alios
2434 2394 2553 2437 sex
2612 2372 2750 2436 dies
2802 2372 3115 2457 prefatos,

1115 2477 1458 2543 duodecim
1533 2475 1688 2551 dies.
1762 2476 2142 2541 immediate
2227 2484 2596 2561 sequentes„
2668 2475 3112 2539 sustinueritis

1119 2581 1317 2665 (quod
1350 2580 1552 2661 absit)
1570 2580 1792 2644 animo
1810 2579 2135 2656 indurato,
2157 2602 2290 2655 VOS,
2313 2602 2387 2643 ex
2414 2600 2588 2643 nunc
2610 2584 2808 2665 prout
2831 2600 2911 2642 ex
2938 2585 3116 2655 tunc,

1116 2684 1186 2748 in
1223 2682 1352 2746 hiis
1381 2682 1644 2768 scriptis
1687 2683 1983 2769 predicta
2021 2682 2331 2748 canonica
2370 2683 2732 2747 monicione
2776 2682 3117 2767 premissa,

1116 2786 1812 2851 excommunicacionis
1874 2786 2207 2851 sentencia
2272 2785 2702 2863 innodamus;
2787 2784 3115 2870 Vobisque
3182 2853 3189 2863 ,

1117 2888 1422 2955 omnibus
1473 2900 1541 2953 et
1589 2889 1869 2973 singulis
1921 2888 2403 2975 suprascriptis„
2455 2892 2682 2964 eciam,
2729 2889 2799 2951 in
2863 2889 3115 2952 virtute

1119 2991 1495 3058 obediencie
1555 2992 1968 3071 mandamus,
2027 2993 2341 3076 quatinus
2402 2994 2717 3078 premissa
2766 2992 2989 3056 omnia
3047 2997 3114 3056 et

1117 3097 1379 3180 singula
1451 3097 1826 3160 execucioni
1887 3095 2107 3160 debite
2182 3095 2610 3171 demandetisn
2680 3101 2819 3160 tam
2865 3117 3117 3161 excom-

1119 3199 1484 3264 municatos
1558 3198 1820 3284 publice
1895 3197 2366 3272 denunciandO,
2452 3203 2522 3263 et
2594 3221 2711 3284 per
2796 3196 2973 3275 alios,
3059 3199 3117 3264 si

1119 3301 1440 3387 expediat,
1502 3301 1882 3366 denunciari
1944 3299 2261 3374 faciendo,
2311 3303 2619 3385 quociens
2685 3323 2804 3387 per
2859 3307 3115 3387 partem

1119 3405 1396 3470 dictorm
1477 3405 1954 3491 Religiosorum
2044 3405 2355 3470 Virorum
2442 3403 2707 3469 fueritis
2792 3407 3117 3492 requisiti.

1119 3507 1640 3587 Absolucionem,
1674 3530 1852 3586 vem,
1884 3509 2179 3572 omnium
2203 3513 2271 3572 et
2300 3508 2725 3594 singulorum,
2755 3511 2867 3593 qui
2892 3531 3118 3596 supra-

1120 3610 1328 3676 dictas
1387 3632 1693 3675 censuras
1752 3633 1871 3696 per
1929 3632 2047 3676 nos
2108 3611 2276 3676 latas
2336 3613 2769 3688 incurrerunt,
2825 3634 2941 3677 scu
3002 3613 3117 3698 qui

1121 3718 1352 3779 contra
1430 3723 1653 3778 nostra
1712 3719 2043 3778 statutum
2111 3719 2178 3779 et
2218 3714 2699 3779 ordinacionem
2768 3716 3120 3801 quicquam

1122 3816 1417 3891 fecerint,
1461 3817 1652 3881 nobis
1698 3817 1802 3881 vel
1849 3817 2156 3902 Superori
2189 3818 2435 3882 Nostro
2478 3839 2905 3883 reservamus,
2994 3821 3121 3884 Per

1125 3925 1511 4006 presentem,
1537 3925 1779 3997 autem,
1811 3942 2184 4006 processum
2215 3932 2532 3996 nostrum,
2561 3942 2693 3985 non
2712 3921 3119 3990 intendimus

1123 4044 1243 4087 nec
1283 4023 1586 4086 volumus
1631 4025 1875 4087 nostris
1919 4023 2183 4108 collegis
2226 4023 2539 4109 predictis
2584 4023 2654 4087 in
2699 4025 2923 4110 aliquo
2972 4049 3121 4112 pre·

1122 4125 1426 4202 iudicare,
1485 4126 1663 4210 quin,
1720 4131 1999 4191 servatis
2074 4133 2141 4191 et
2212 4128 2610 4192 continuatis
2691 4127 2820 4192 hiis
2879 4133 3120 4195 nostris

1122 4229 1548 4314 processibuS,
1567 4231 1824 4314 possint
1849 4235 1919 4294 et
1942 4228 2229 4306 valeant,
2249 4236 2561 4296 eteorum
2594 4231 2875 4316 quilibet
2902 4238 3123 4319 posset

1122 4337 1190 4397 et
1243 4331 1480 4407 valeat,
1526 4333 1608 4396 ad
1663 4331 1998 4409 ulteriora,
2045 4335 2271 4410 eciam,
2310 4333 2731 4419 aggravando
2776 4337 2846 4398 in
2894 4337 3123 4402 huius-

1123 4434 1299 4498 modi
1361 4435 2078 4512 excommunicacionis,
2136 4437 2193 4501 si
2254 4441 2572 4521 oporteat,
2625 4439 2914 4524 negoci0,
2972 4460 3121 4526 pro-

1124 4537 1365 4613 cedere,
1437 4544 1634 4622 prout
1708 4539 1802 4602 eis
1876 4537 1985 4602 vel
2061 4559 2287 4603 eorum
2360 4538 2554 4604 alteri
2627 4540 2842 4605 visum
2916 4543 3125 4610 fuerit

1125 4640 1477 4726 expedire3
1518 4661 1612 4716 ac,
1657 4641 1879 4720 eciam,
1923 4663 2042 4707 nos
2095 4641 2439 4728 procedere
2493 4642 2844 4709 valeamus,
2914 4645 3125 4732 Super

1123 4746 1475 4823 contentis,
1547 4765 1721 4822 vero,
1796 4745 1869 4808 in
1928 4745 2170 4810 nostris
2242 4745 2655 4832 presentibus
2713 4750 3123 4834 processibus

1123 4847 1446 4924 volumu8‚
1493 4847 1671 4934 quod
1722 4846 1929 4913 nichil
1986 4847 2254 4914 omnino
2300 4849 2594 4934 poterint
2638 4851 2955 4920 innovare
3004 4875 3123 4920 seu
3162 4921 3167 4930 ,
