3731 6032
1964 935 2109 997 lxvi.

895 1104 1158 1164 Ecclesia
1184 1103 1258 1162 de
1295 1101 1678 1180 Bladyntone.
1767 1100 2117 1160 Bonefacius
2145 1103 2309 1180 Papa
2337 1104 2457 1160 viii.

894 1203 1008 1262 Pro
1037 1202 1297 1261 Ecclesia
1323 1201 1398 1258 de
1429 1200 1740 1258 Enestone.
1848 1199 2123 1259 Clemens
2150 1202 2314 1278 Papa
2342 1221 2395 1260 v.

893 1300 1316 1378 Appropriacio
1345 1297 1603 1357 Ecclesie
1629 1297 1704 1356 de
1733 1297 2047 1356 Enestone.
2138 1298 2411 1358 Clemens
2440 1299 2603 1376 Papa
2633 1317 2683 1354 v.

891 1398 985 1458 De
1053 1397 1530 1474 reparacionibus
1585 1394 1858 1454 Cancelle
1927 1415 2031 1454 seu
2104 1396 2282 1456 Chori
2351 1415 2421 1456 ac
2478 1398 2876 1455 fenestrarum

1053 1495 1310 1554 Ecclesie
1336 1494 1411 1553 de
1438 1492 1921 1571 Wynchecumbe

887 1593 1277 1652 Confirmacio
1319 1591 1374 1649 N
1378 1590 1590 1650 icholai
1635 1591 1798 1668 Papa
1837 1591 1939 1649 iiii.
1986 1610 2165 1669 super
2209 1593 2455 1652 decimis
2496 1593 2755 1652 Ecclesie
2798 1590 2874 1650 de

1059 1689 1543 1769 Wynchecumbe

888 1791 1067 1850 Bulla
1094 1789 1325 1848 Urbani
1355 1789 1430 1846 vi.
1462 1786 1536 1846 de
1564 1787 2046 1864 appropriacione
2076 1788 2334 1848 Ecclesie
2370 1789 2445 1848 de
2474 1789 2812 1865 Twenynge
2853 1821 2873 1830 -

887 1888 1274 1948 Innocentius
1295 1887 1458 1964 Papa
1478 1885 1552 1944 de
1573 1885 1895 1944 collacione
1916 1886 2447 1946 ecclesiasticorum
2464 1887 2881 1946 beneficiorum

885 1986 1273 2047 Confirmacio
1301 1984 1550 2042 Honorii
1591 1983 1750 2060 Pape
1791 1979 1913 2040 iii0¹²
1950 2002 2132 2060 super
2158 1987 2333 2044 terris
2374 1993 2435 2044 et
2485 2003 2621 2062 poss
2624 1985 2873 2042 'ionibus

1049 2103 1154 2160 per
1181 2083 1252 2140 R.
1287 2081 1484 2140 Solers
1510 2081 1584 2140 de
1615 2080 1892 2158 Poteslep
1918 2081 2153 2140 collatis
2191 2090 2255 2140 et
2296 2101 2476 2196 super
2504 2082 2760 2159 Capellis
2800 2081 2875 2140 de

1048 2181 1369 2240 Chorltone
1397 2187 1460 2238 et
1481 2177 1790 2256 Poteslepe
2165 2214 2185 2222 -
2510 2214 2531 2222 -

888 2280 1006 2339 Pro
1033 2279 1310 2339 Ecclesiis
1337 2297 1456 2337 non
1485 2277 1854 2336 conferendis

885 2377 1274 2438 Confirmacio
1345 2376 1642 2434 Benefacii
1715 2375 1871 2452 Pape
1940 2375 2080 2446 viii„
2153 2394 2333 2453 super
2412 2376 2743 2435 lib'tatibus
2812 2385 2875 2434 et

1047 2474 1531 2534 immunitatibus
1557 2492 1664 2532 seu
1690 2472 2082 2548 indulgentiis
2168 2507 2190 2515 -

889 2573 1115 2632 Abbati
1141 2570 1216 2631 de
1245 2571 1576 2630 Eveshame

883 2671 1108 2730 Abbati
1137 2669 1468 2728 Eveshame
1497 2676 1560 2726 et
1586 2667 1925 2727 Conventui
1955 2666 2440 2746 Wynchecumbe
2482 2688 2589 2809 pro
2630 2669 2873 2728 decimis

1051 2767 1377 2826 Haseltone
1419 2764 1835 2824 confirmandis

888 2866 1064 2926 Bulla
1089 2866 1164 2924 de
1192 2865 1436 2924 decimis
1464 2863 1539 2922 de
1573 2863 1895 2921 Haseltone
1925 2871 1988 2922 et
2017 2882 2224 2944 3anew
2229 2864 2401 2922 orthe
2508 2898 2529 2906 -

885 2963 1112 3025 Contra
1137 2964 1391 3022 iniustos
1417 2961 1756 3021 detinentes
1784 2961 2179 3037 possessiones
2214 2961 2553 3021 Monasterii
2584 2961 2875 3039 Wynche—

1051 3061 1265 3121 cumbe

889 3159 978 3218 De
1007 3159 1176 3237 pileis
1203 3157 1446 3216 utendis

885 3258 976 3318 De
1005 3258 1190 3316 firmis
1216 3258 1496 3315 detentis.
1582 3254 1917 3313 Alexander
1946 3254 2047 3313 iiii.
2160 3287 2182 3297 ·

883 3354 1218 3414 Alexander
1245 3355 1360 3413 iii¹¹⁸
1386 3354 1461 3411 de
1493 3352 1770 3411 Ecclesiis
1797 3369 1915 3409 non
1948 3352 2319 3409 conferendis
2360 3354 2584 3429 absque
2628 3373 2873 3412 assensu

1047 3451 1310 3529 Capituli
1339 3452 1577 3509 maioris
1605 3456 1668 3509 et
1695 3449 1945 3508 sanioris
1974 3450 2163 3525 partis
2205 3450 2333 3508 eius
2358 3470 2373 3521 ;
2415 3458 2478 3509 et
2516 3452 2725 3527 nequis
2765 3470 2873 3527 pro

1045 3550 1425 3608 benedicione
1453 3548 1706 3606 Abbatis
1733 3545 1959 3621 aliquid
1989 3546 2188 3623 exigat

885 3652 1078 3726 Super
1105 3666 1221 3706 usu
1249 3646 1695 3724 privilegiorum
1817 3676 1836 3685 -
2162 3676 2181 3685 -

881 3746 1220 3805 Bonifacius
1250 3745 1410 3821 Papa
1437 3744 1512 3803 de
1541 3744 1787 3802 decimis
1815 3740 1889 3798 de
1920 3740 2245 3799 Haseltone

882 3841 1270 3903 Confirmacio
1297 3841 1597 3900 Bonefacii
1629 3840 1784 3917 Pape
1815 3840 1936 3897 viii.
1976 3838 2269 3915 generalis

881 3943 974 4001 De
1000 3940 1244 3999 decimis
1271 3939 1345 3998 de
1377 3938 1699 3998 Haseltone
1728 3947 1792 3998 et
1821 3937 2202 4020 3aneworthe

887 4041 972 4098 De
999 4040 1244 4097 decimis
1284 4036 1358 4095 de
1389 4041 1726 4095 stauntone
1768 4043 1832 4094 et
1875 4033 2503 4094 Snoweshulle—iiii01·
2551 4039 2763 4097 marcis
2804 4048 2867 4096 et

1044 4136 1290 4194 dimidia
1322 4135 1396 4192 de
1439 4134 1819 4193 Enstane-—l
1868 4150 2068 4191 marea
2107 4138 2172 4189 et
2211 4132 2459 4192 dimidia
2500 4137 2562 4193 in
2606 4136 2868 4195 Ecclesia

1047 4234 1252 4293 Sancti
1283 4234 1445 4291 Petri
1487 4232 1561 4289 de
1589 4228 2076 4310 Wynchecumbe
2157 4261 2178 4271 -

883 4333 1158 4394 Clemens
1188 4332 1350 4408 Papa
1377 4329 1620 4389 Tercius
1647 4330 1722 4389 de
1749 4348 1875 4388 una
1902 4326 2045 4385 hida
2074 4326 2137 4383 in
2166 4326 2487 4388 Shirborne

883 4434 1074 4509 Super
1155 4449 1273 4488 non
1359 4448 1472 4487 usu
1553 4427 2001 4505 privilegiorum
2069 4427 2472 4507 3aneworthe‚
2548 4427 2861 4505 Hallynge‚

1051 4527 1373 4587 Haseltone
1467 4559 1488 4567 -

883 4626 1270 4686 Confirmacio
1311 4623 1648 4683 Innocencii
1690 4623 1848 4700 Papo
1890 4624 1969 4681 iii.
2057 4623 2252 4699 Super
2291 4624 2507 4699 viginti
2548 4623 2751 4683 solidis
2790 4624 2865 4683 de

1046 4722 1422 4799 Bladyntone
1455 4729 1518 4780 et
1544 4740 1723 4798 super
1753 4721 2092 4792 Haseltone,
2130 4721 2532 4802 3aneworthe,
2568 4721 2865 4799 Hallynge

886 4822 976 4879 De
1003 4820 1248 4879 decimis
1274 4818 1672 4877 dominiorum
1707 4818 1776 4875 W
1782 4819 2195 4895 ynchecumbe

2854 1135 2873 1142 -
2956 1102 3035 1157 xi.

2856 1236 2875 1244 -
2957 1199 3051 1256 xii.

2853 1331 2873 1340 -
2954 1296 3072 1353 xiii.

2855 1528 2874 1537 —
2956 1493 3075 1551 xiv.

2851 1724 2870 1732 ·
2952 1708 3043 1748 xV.

2954 1788 3069 1845 xvi.

2952 1886 3087 1943 xvii.

2854 2215 2875 2224 -
2953 2180 3115 2238 xviii.

2856 2312 2877 2320 -
2956 2278 3072 2335 xix.

2857 2507 2876 2516 -
2958 2493 3053 2532 xx.

2854 2605 2873 2613 -
2954 2572 3065 2629 xxi.

2852 2799 2873 2808 -
2953 2767 3087 2824 xxii.

2856 2899 2876 2907 ·
2957 2866 3112 2922 xxiii.

2856 3094 2876 3103 -
2960 3061 3111 3119 xxiv.

2856 3193 2871 3202 ·
2954 3177 3089 3216 xxv.

2850 3290 2870 3299 -
2951 3258 3101 3315 xxvi

2848 3582 2866 3589 -
2948 3550 3121 3606 xxvii.

2853 3679 2872 3687 -
2954 3646 3153 3704 xxviii.

2856 3776 2875 3785 -
2957 3746 3107 3804 xxix.

2848 3876 2866 3883 -
2948 3862 3075 3900 xxx.

2848 3974 2869 3982 -
2949 3942 3098 3999 xxxi.
3210 3964 3213 3975 ·

2846 4269 2866 4278 -
2947 4235 3119 4292 xxxii.

2853 4364 2873 4373 ·
2952 4333 3147 4391 xxxiii.

2852 4562 2872 4571 -
2953 4528 3145 4586 xxxiv.

2948 4742 3116 4782 XXXV.

2850 4852 2871 4861 -
2952 4822 3145 4878 xxxvi.
