3731 6032
1914 962 2104 1022 lxxiv.

855 1139 1244 1201 Confirmacio
1275 1141 1520 1201 Honorii

855 1237 1332 1298 Instrumentum
1362 1259 1542 1318 super
1568 1241 1894 1301 refeccione
1923 1241 2186 1301 cancelli
2214 1240 2289 1299 de
2316 1240 2651 1300 Shirburna.

853 1335 1184 1395 Indentura
1212 1343 1466 1415 tangens
1495 1338 1885 1398 tradicionem
1912 1340 2074 1416 prati
2100 1338 2176 1399 de
2204 1337 2525 1416 Todynton

851 1433 1156 1511 Scriptum
1197 1433 1437 1493 Domini
1467 1433 1752 1495 willelmi
1793 1436 1871 1495 de
1915 1436 2101 1496 Bosco
2142 1443 2206 1495 et
2245 1436 2471 1495 domini
2518 1435 2764 1494 Roberti

1013 1531 1089 1590 de
1115 1531 1268 1590 Alne
1295 1531 1370 1591 de
1397 1539 1571 1611 prato
1598 1533 1674 1592 de
1707 1532 2064 1612 Todynbone
2393 1567 2413 1576 -

854 1628 1052 1687 Prima
1078 1629 1346 1688 remissio
1387 1638 1451 1690 et
1489 1631 1696 1707 quieta
1736 1630 2063 1691 clamancia
2102 1630 2345 1690 domino
2389 1629 2644 1689 Iohanni
2684 1629 2759 1688 de

1014 1715 1258 1785 Sudleia
1282 1726 1359 1785 de
1386 1735 1562 1805 prato
1587 1726 1664 1785 de
1692 1727 2049 1806 'Podyntone

850 1823 1141 1882 Remissio
1167 1833 1230 1884 et
1255 1825 1462 1900 quieta
1487 1823 1813 1885 clamancia
1837 1825 2066 1884 domini
2092 1825 2167 1886 de
2197 1825 2440 1885 Sudleia
2479 1825 2555 1884 de
2584 1831 2759 1902 prato

1011 1920 1086 1979 de
1113 1921 1467 2000 Todyntone
1494 1922 1768 1982 habendo
1793 1923 2240 2001 imperpetuum

847 2018 1030 2077 Carta
1070 2019 1314 2078 Henrici
1356 2019 1412 2078 le
1451 2018 1656 2079 Cokke
1702 2020 1780 2080 de
1821 2019 2081 2098 Sudeley
2121 2021 2197 2080 de
2236 2014 2383 2079 iiim·
2429 2019 2755 2079 solionibus

1009 2124 1166 2176 terre
1207 2116 1447 2176 arabilis
1501 2126 1564 2178 et
1617 2119 1798 2177 unius
1846 2137 1982 2178 acre
2038 2119 2209 2178 iuxta
2258 2117 2632 2192 Longemede
2689 2118 2751 2175 in

1009 2215 1234 2293 campis
1280 2214 1355 2273 de
1404 2215 1630 2294 Sudley
1687 2252 1710 2262 -

844 2310 1180 2372 Convencio
1207 2313 1365 2372 inter
1391 2313 1722 2374 Iohannem
1751 2314 2048 2375 Maltman
2088 2324 2151 2375 et
2178 2314 2471 2374 Thomam
2500 2315 2755 2391 Pamyn-

1007 2418 1148 2469 tone
1273 2419 1278 2424 ’
1347 2444 1368 2454 ·
2037 2447 2059 2456 -

842 2506 1026 2566 Carta
1053 2506 1336 2568 Iohannis
1364 2508 1660 2569 Maltman
1697 2509 1774 2570 de
1813 2510 2012 2569 tribus
2056 2510 2379 2570 solionibus
2420 2510 2485 2567 in
2527 2509 2752 2586 campis

1003 2605 1080 2665 de
1107 2597 1333 2685 Sudley
1693 2645 1714 2654 -
2041 2642 2062 2651 -
2386 2641 2406 2650 -

840 2702 1022 2763 Carta
1047 2703 1122 2762 de
1152 2702 1406 2764 Blundel
1433 2705 1509 2764 de
1537 2723 1596 2762 v.
1627 2707 1780 2764 acris
1807 2712 1969 2764 terre
2036 2739 2057 2748 -

839 2801 1059 2874 Quieta
1085 2803 1411 2862 clamancia
1438 2802 1681 2862 Henrici
1711 2803 1989 2864 Blundell
2021 2803 2100 2862 de
2133 2803 2225 2862 ld.
2259 2804 2445 2862 annui
2483 2802 2756 2861 redditus

847 2899 1002 2957 Petri
1028 2899 1105 2957 de
1131 2900 1403 2959 Sudham
1429 2901 1505 2960 de
1533 2901 1917 2961 feoffamento
2034 2935 2055 2943 -
2380 2935 2401 2944 -

835 2996 1290 3076 cyrographum
1311 3000 1650 3059 confectum
1667 3000 1828 3060 inter
1842 2999 2143 3060 Abbatem
2163 2998 2239 3059 de
2256 2997 2747 3078 Wynoheoumba

998 3103 1063 3154 et
1088 3096 1389 3156 Abbatem
1417 3096 1491 3155 de
1521 3097 1768 3175 Hayles,
1811 3096 2223 3157 Kinstismede

835 3192 1201 3271 Composicio
1228 3196 1387 3254 inter
1402 3194 1670 3254 Abbates
1697 3204 1762 3255 et
1781 3194 2131 3256 Conventus
2151 3195 2226 3254 de
2250 3193 2743 3273 Wynchecumba

998 3299 1062 3350 et
1089 3291 1316 3369 Hayles
2377 3326 2398 3335 -

834 3387 1150 3461 Quondam
1177 3390 1630 3449 memorandum
1657 3391 1816 3449 inter
1843 3389 2143 3449 Abbatem
2164 3389 2651 3468 Wynchecumbe
2680 3398 2744 3447 et.

994 3485 1296 3546 Abbatem
1348 3487 1424 3547 de
1479 3487 1705 3565 Hayles
1772 3487 1848 3547 de
1903 3487 2149 3547 decimis
2218 3487 2293 3546 de
2348 3488 2736 3546 nutrimentis

993 3583 1370 3659 quorundam
1423 3585 1484 3643 in
1555 3584 1836 3662 parochia
1898 3584 2401 3725 Wynchecumbe‚
2464 3584 2744 3663 Sudleye‚

998 3680 1264 3760 Piseleye
1333 3716 1354 3725 -
1678 3716 1698 3725 -

831 3776 1061 3835 Belawe
1089 3778 1247 3836 inter
1271 3776 1573 3837 Abbatem
1600 3778 1676 3837 de
1705 3778 1933 3856 Hayles
1960 3786 2024 3837 et
2050 3778 2362 3838 dominum
2382 3778 2457 3837 de
2485 3778 2745 3856 Sudleye

831 3873 1032 3933 Litora
1048 3874 1294 3933 Roberti
1315 3875 1390 3934 de
1412 3874 1935 3953 Chavelingworth
1958 3882 2022 3935 et
2041 3875 2294 3935 aliorum
2322 3875 2742 3935 testimonialis

993 3972 1151 4047 quod
1181 3990 1299 4029 non
1329 3986 1583 4049 possunt
1609 3970 1932 4032 inhockare
1962 3992 2169 4034 versus
2198 3972 2425 4050 Hayles

830 4066 1224 4128 confirmacio
1253 4070 1496 4129 Henrici
1524 4070 1798 4149 Episcopi
1823 4069 2274 4149 Wygorniensis
2300 4070 2376 4129 de
2403 4070 2508 4129 vii.
2538 4070 2743 4129 solidis

992 4168 1210 4225 annuis
1235 4184 1344 4243 pro
1371 4167 1684 4244 sepultura
1710 4168 1786 4227 de
1813 4168 2045 4246 Hsyles

831 4262 922 4321 De
950 4270 1180 4341 septem
1206 4263 1410 4323 solidis
1430 4283 1538 4342 pro
1563 4265 1878 4342 sepultura
1906 4266 1982 4324 de
2011 4265 2239 4344 Hayles

829 4360 925 4419 De
953 4368 1184 4438 septem
1211 4361 1414 4420 solidis
1440 4362 1516 4421 de
1545 4362 1810 4422 Ecclesia
1836 4362 1913 4421 de
1942 4363 2167 4442 Hayles

827 4456 1194 4517 Certificacio
1220 4458 1429 4518 decani
1468 4460 1544 4520 de
1571 4460 1956 4538 Osumpeden
1996 4480 2177 4540 super
2216 4461 2502 4521 citacione
2545 4460 2737 4537 prims

987 4555 1242 4616 Abbatis
1270 4556 1344 4615 de
1373 4557 1600 4635 Hayles
1666 4591 1689 4602 ·

825 4652 916 4712 De
944 4661 1174 4731 septem
1201 4655 1404 4714 solidis
1431 4655 1506 4714 de
1537 4654 1762 4733 Hayles

821 4751 914 4811 De
941 4761 1170 4829 septem
1198 4752 1402 4811 solidis
1427 4753 1504 4812 de
1533 4753 1757 4831 Hayles
2000 4788 2021 4797 -

822 4848 1006 4909 Carta
1033 4849 1287 4908 Galfridi
1317 4850 1423 4908 filii
1453 4851 1617 4910 Petri
1645 4850 1721 4910 de
1749 4850 2078 4911 Cotesdene

2744 1177 2765 1186 -
2846 1145 3086 1202 ccxxxii.

2740 1275 2761 1283 -
2842 1242 3105 1300 ccxxxiii,

2736 1371 2757 1380 -
2838 1339 3100 1397 ccxxxiv.

2739 1567 2760 1576 -
2843 1551 3077 1592 ccxxxv.

2744 1760 2765 1769 ·
2848 1727 3109 1786 ccxxxvi.

2735 1955 2758 1964 -
2838 1923 3121 1983 ccxxxvii.

2726 2249 2747 2258 -
2827 2216 3131 2275 ccxxxviii.

2727 2444 2748 2453 -
2830 2411 3085 2471 ccxxxix.

2730 2640 2752 2650 -
2834 2605 2973 2665 ccxl.

2728 2737 2750 2747 —
2832 2704 2995 2763 ccxli.

2838 2800 3028 2861 ccxlii.

2727 2932 2749 2942 —
2832 2899 3040 2958 ccxliii.

2832 3094 3043 3155 ccxliv.

2724 3325 2743 3334 -
2826 3291 3014 3350 ccxlv.

2717 3716 2738 3725 -
2820 3682 3024 3741 ccxlvi.

2828 3778 3053 3837 ccxlvii.

2716 4006 2737 4015 -
2818 3972 3067 4032 ccxlviii.

2720 4200 2741 4209 -
2824 4167 3026 4226 ccxlix.

2719 4298 2739 4307 -
2820 4265 2924 4323 ccl.

2717 4395 2737 4405 —
2818 4362 2945 4422 coli.

2704 4592 2725 4601 -
2806 4557 2953 4616 cclii.

2702 4688 2723 4697 -
2806 4655 2975 4713 ccliii.

2698 4788 2716 4795 -
2798 4752 2964 4811 ccliv.

2697 4885 2718 4893 -
2800 4851 2944 4910 cclv.
