3731 6032
1534 965 1656 1028 121

718 1135 1041 1204 Licencia
1071 1137 1347 1206 domim:
1379 1137 1580 1226 Reqis
1609 1139 1690 1206 de
1717 1137 2031 1206 manerio
2062 1137 2142 1204 de
2175 1133 2443 1202 Rowell.
2618 1131 2826 1248 {QX-103-

671 1271 1051 1352 Edwardu3‚
1110 1275 1232 1340 Dei
1309 1275 1563 1353 Gracia,
1623 1275 1771 1342 Rex
1843 1275 2086 1362 Anglie
2160 1277 2229 1338 et
2287 1272 2591 1337 dominus
2620 1279 2679 1327 11
2706 1277 2923 1328 Edward
2948 1278 3017 1328 11.

575 1375 896 1443 Hibernis
947 1384 1016 1445 et
1047 1379 1206 1444 Dux
1235 1380 1614 1464 Aquitanis,
1647 1378 1991 1454 Omnibus,
2020 1377 2107 1442 ad
2155 1397 2317 1461 quos
2374 1376 2590 1441 littere
2620 1344 2681 1392 ¹⁶
2715 1343 2839 1394 ω’·
2876 1345 3018 1394 1318.

573 1490 908 1566 presentes
951 1484 1396 1567 pervenerint,
1442 1483 1756 1548 Salutem.
1847 1482 2025 1562 Quia
2062 1481 2429 1565 accepimus
2474 1500 2591 1564 per

574 1583 1098 1670 inquisicionem,
1143 1607 1341 1671 quam
1383 1578 1500 1672 per
1544 1586 1857 1652 dilectum
1910 1585 2218 1650 clericum
2268 1588 2590 1660 nostrum,

574 1689 966 1773 magistrum
1015 1689 1378 1754 Iohannem
1427 1689 1784 1775 Walwayn‚
1818 1689 2235 1754 Escaetorem
2289 1691 2587 1751 nostrum

572 1793 739 1856 citra
767 1791 1093 1869 Trentam,
1111 1793 1255 1859 fieri
1285 1793 1586 1872 fecimuS,
1609 1793 1786 1878 quod
1810 1814 1945 1857 non
1977 1796 2078 1856 est
2108 1790 2193 1855 ad
2224 1789 2587 1874 dampnum

575 1895 681 1959 vel
726 1895 1160 1981 preiudicium
1206 1904 1504 1961 nostrum
1551 1918 1671 1962 nec
1713 1897 2010 1972 aliorum,
2055 1896 2109 1958 si
2158 1893 2588 1959 concedamus

575 1997 834 2064 dilectis
893 1999 1081 2065 nobis
1142 2002 1214 2064 in
1277 2000 1558 2076 Christo,
1618 2000 1861 2064 Abbati
1922 2007 1991 2064 et
2075 1997 2445 2062 Conventui
2505 1995 2587 2061 de

575 2101 819 2167 Sancto
851 2103 1209 2189 Ebrulpho,
1231 2104 1410 2189 quod
1439 2105 1566 2190 ipsi
1598 2103 1967 2168 manerium
1996 2124 2191 2167 suum
2224 2100 2303 2165 de
2338 2099 2586 2166 Rowell
2612 2128 2821 2179 Lieenoe
2842 2135 2898 2180 to
2929 2131 3020 2181 the

573 2225 723 2271 cum
753 2207 1174 2291 pertinenciis
1222 2209 1294 2271 in
1341 2207 1677 2274 Comitatu
1728 2206 2212 2272 Gloucestrensi
2268 2208 2335 2270 et
2382 2203 2585 2268 advo·
2610 2195 2784 2244 Abb0¹⁵
2838 2195 2893 2244 of
2958 2195 3013 2247 S·

573 2310 902 2375 cacionem
977 2311 1263 2376 Ecclesie
1337 2311 1624 2376 eiusdem
1676 2311 1974 2386 manerii,
2032 2329 2161 2395 que
2219 2308 2301 2373 de
2375 2307 2587 2374 Nobis
2610 2259 3019 2388 {vrfflfflffiq

575 2419 887 2477 tenentur
934 2415 1004 2478 in
1053 2416 1287 2500 capite,
1319 2415 1475 2480 dare
1530 2415 1780 2497 possint
1831 2424 1901 2478 et
1949 2414 2276 2498 assignare
2329 2411 2586 2476 dilectis
2611 2404 2802 2504 ξζξζῖι
2816 2391 2917 2504 {fid
2928 2457 3019 2506 the

573 2515 760 2580 nobis
805 2519 877 2581 in
938 2516 1216 2594 Christo,
1265 2518 1516 2582 Abbati
1578 2525 1646 2583 et
1697 2516 2069 2582 Conventui
2124 2516 2205 2580 de
2254 2512 2583 2600 Wynche-
2612 2520 2896 2570 Advowson
2960 2527 3017 2571 to

573 2621 822 2697 cumbe,
853 2620 1254 2686 Habendum
1286 2630 1355 2687 et
1401 2621 1756 2687 tenendum
1810 2621 1939 2685 sibi
1990 2625 2057 2684 et
2108 2619 2587 2684 successoribus
2610 2583 3021 2701 {gssnfiflffiffissff

573 2723 709 2786 suis
741 2723 822 2788 de
867 2724 1070 2789 Nobis
1120 2729 1188 2790 et
1240 2725 1591 2791 heredibus
1645 2727 1889 2790 nostris
1935 2747 2051 2810 per
2105 2724 2379 2788 servicia
2432 2722 2587 2787 inde

573 2826 797 2890 debita
870 2833 938 2892 et
999 2835 1325 2904 consueta,
1399 2828 2118 2915 imperpetuum—Nos
2192 2851 2310 2913 per
2368 2827 2585 2904 finem,

574 2949 769 3014 quem
813 2930 990 2994 idem
1036 2932 1258 2997 Abbas
1311 2932 1390 2996 de
1427 2932 1951 3019 Wynchecumbe
2002 2932 2164 2998 fecit
2212 2930 2591 3008 Nobiscum,

573 3035 1008 3099 concessimus
1083 3043 1152 3100 et
1228 3036 1564 3103 licenciam
1645 3037 1947 3102 dedimus
2035 3059 2153 3124 pro
2240 3037 2449 3101 Nobis
2523 3043 2591 3102 et

571 3136 924 3203 heredibus
999 3142 1266 3216 nostris,
1326 3146 1652 3225 quantum
1713 3141 1784 3204 in
1845 3141 2051 3205 Nobis
2126 3147 2248 3217 est,
2307 3140 2589 3226 prefatis

573 3240 819 3306 Abbati
864 3247 932 3306 et
981 3241 1358 3309 Conventui
1415 3243 1495 3309 de
1550 3244 1796 3309 Sancto
1851 3244 2213 3331 Ebrulpho,
2236 3244 2409 3329 quod
2462 3245 2591 3329 ipsi

572 3344 942 3429 predictum
974 3346 1342 3411 manerium
1375 3367 1525 3412 cum
1549 3349 1971 3432 pertinenciis
1992 3354 2059 3413 et
2088 3347 2590 3413 advocacionem

573 3447 938 3533 predictam
987 3448 1142 3513 dare
1203 3451 1458 3535 possint
1511 3456 1579 3514 et
1631 3451 2009 3534 assignare3
2082 3450 2209 3536 [et]
2273 3449 2587 3536 predictis

575 3550 823 3615 Abbati
855 3556 924 3616 et
954 3550 1330 3617 Conventui
1362 3552 1444 3616 de
1467 3552 1999 3637 Wynchecumbe
2019 3553 2195 3639 quod
2224 3552 2590 3637 predictum

577 3656 940 3718 manerium
963 3675 1110 3719 cum
1133 3656 1571 3741 pertinenciis,
1598 3668 1664 3721 et
1686 3656 2189 3722 advocacionem
2211 3656 2591 3742 predictam,

571 3778 612 3821 a
641 3757 918 3843 prefatis
975 3758 1236 3823 Abbate
1290 3772 1356 3824 et
1408 3758 1758 3825 Conventu
1815 3760 1897 3825 de
1951 3760 2195 3825 Sancto
2252 3759 2590 3844 Ebrulpho

575 3862 859 3946 recipere
919 3864 1172 3947 possint
1231 3869 1298 3928 et
1347 3877 1572 3928 tenere
1624 3863 1752 3927 sibi
1803 3869 1873 3928 et
1923 3863 2399 3929 successoribus
2454 3863 2591 3926 suis

574 3986 689 4047 per
739 3966 1016 4031 servicia
1075 3966 1389 4053 predicta,
1437 3968 1945 4053 imperpetuum,
1996 3969 2169 4033 sicut
2218 3968 2587 4053 predictum

574 4074 712 4147 est;
786 4074 1042 4135 statuto
1116 4071 1197 4135 de
1271 4068 1466 4135 terris
1542 4077 1611 4136 et
1689 4073 2083 4137 tenementis
2159 4071 2243 4135 ad
2317 4092 2587 4135 manum

573 4182 900 4237 mortuam
960 4194 1089 4238 non
1151 4174 1468 4259 ponendis
1524 4174 1705 4240 edito
1758 4197 1892 4240 non
1952 4176 2301 4253 obstante3
2362 4186 2586 4239 tenore

573 4278 1000 4363 presencium,
1057 4277 1378 4354 similiter,
1442 4277 1780 4343 licenciam
1845 4278 2143 4342 dedimus
2220 4278 2589 4364 specialem.

576 4379 892 4444 Nolentes
923 4380 1100 4464 quod
1132 4380 1410 4466 predicti
1441 4380 1668 4445 Abbas
1700 4388 1767 4447 et
1819 4382 2199 4447 Conventus
2231 4382 2312 4446 de
2345 4382 2590 4446 Sancto

577 4482 916 4569 Ebrulpho
974 4490 1094 4548 aut
1139 4506 1535 4550 successores
1588 4486 1692 4549 sui
1744 4507 1859 4549 seu
1923 4486 2202 4570 predicti
2252 4484 2479 4549 Abbas
2524 4491 2593 4549 et

577 4585 958 4651 Conventus
988 4586 1069 4651 de
1103 4586 1634 4672 Wynchecumbe
1669 4592 1738 4653 et
1768 4608 2165 4654 successores
2197 4588 2299 4652 sui
2330 4588 2591 4653 racione

574 4690 1036 4774 premissorum
1069 4712 1184 4775 per
1214 4690 1356 4755 Nos
1385 4691 1484 4756 vel
1531 4690 1802 4756 heredes
1852 4704 2132 4769 nostr08‚
2162 4690 2593 4767 Iusticiarios,

578 4792 954 4859 Escaetores
1029 4799 1098 4859 et
1173 4794 1602 4860 Vicecomites
1699 4800 1817 4859 aut
1892 4795 2054 4859 alios
2132 4794 2403 4859 ballivos
2477 4816 2589 4859 seu

731 4920 782 4971 R
