3731 6032
1491 983 1616 1049 351

543 1148 855 1234 negative
914 1148 1189 1217 dicendo
1246 1153 1535 1227 narrata,
1591 1160 1791 1238 prout
1847 1153 2206 1217 narrantur
2255 1151 2328 1216 in
2386 1149 2564 1218 dicto

544 1252 794 1330 libello,
822 1273 982 1318 vera
1010 1273 1145 1319 non
1174 1274 1337 1331 esse,
1367 1260 1454 1331 et,
1481 1252 1649 1332 ideo,
1678 1253 1918 1340 petita,
1935 1258 2134 1340 prout
2157 1258 2472 1339 petuntur
2491 1255 2565 1319 in

540 1356 772 1422 eodem
802 1355 947 1422 fieri
978 1376 1113 1423 non
1143 1355 1411 1423 debere:
1451 1356 1804 1443 iuratoque
1846 1356 2267 1445 postmodum
2308 1356 2464 1425 hinc
2494 1363 2564 1425 et

544 1460 701 1525 inde
730 1460 814 1525 de
842 1458 1257 1545 calumpnia3
1300 1460 1767 1547 productisque
1805 1448 2017 1546 quam'
2048 1459 2348 1547 pluribus
2378 1462 2563 1527 testi·

543 1562 667 1628 bus
694 1584 812 1650 per
840 1574 1095 1650 partem
1118 1563 1444 1631 dictorum
1469 1564 1948 1649 Religiosorum
1970 1563 2298 1641 Virorum,
2320 1562 2564 1650 quibus

541 1667 615 1731 in
646 1665 861 1733 forma
888 1667 1051 1732 iuris
1095 1666 1417 1743 admissis,
1461 1668 1715 1747 iuratis,
1762 1668 2176 1745 examinatis,
2207 1688 2562 1753 eorumque

536 1770 1105 1849 attestacionibus,
1162 1772 1237 1837 in
1294 1771 1560 1858 scriptis
1622 1770 1926 1849 redactis,
1997 1791 2074 1839 ac
2138 1771 2556 1858 postmodum

542 1874 836 1960 legitime
864 1874 1257 1961 publicatis3
1300 1896 1379 1941 ac
1420 1873 1510 1941 ad
1554 1874 1905 1942 dicendum
1949 1878 2020 1940 et
2057 1874 2560 1962 proponendum

537 1983 769 2043 contra
826 1984 1027 2044 testes
1084 1976 1463 2045 huiusmodi
1520 1984 1590 2045 et
1643 1998 1872 2046 eorum
1920 1978 2117 2055 dicta,
2159 1983 2348 2065 parte
2375 1978 2558 2045 dicti

541 2080 795 2147 domini
845 2081 1136 2158 Henrici‚
1210 2082 1495 2148 termino
1553 2082 1908 2168 assignato,
1965 2082 2040 2147 in
2097 2102 2229 2168 quo
2288 2081 2556 2167 quidem

537 2185 821 2251 termino
840 2184 1042 2249 nichil
1072 2185 1249 2252 dicto
1270 2184 1377 2251 vel
1399 2186 1734 2273 proposito
1756 2208 1775 2262 ;
1807 2185 1984 2264 dato,
2011 2185 2242 2265 eciam,
2271 2184 2554 2253 termino

538 2288 841 2375 partibus
867 2287 1183 2375 predictis
1226 2289 1312 2353 ad
1355 2289 1781 2375 proponenda
1824 2289 2049 2355 omnia
2078 2290 2153 2353 in
2181 2289 2359 2354 facto
2403 2310 2555 2357 con-

532 2391 862 2469 sistencia‚
895 2396 983 2469 et,
1002 2392 1076 2457 in
1097 2391 1325 2458 eodem
1348 2393 1650 2469 termino,
1672 2413 1790 2479 per
1828 2397 2090 2480 partem
2121 2391 2280 2457 dicti
2303 2392 2554 2457 domini

539 2494 837 2574 Henrici,
880 2494 1083 2560 nichil
1128 2495 1304 2562 dicto
1349 2495 1457 2560 vel
1485 2494 2046 2583 proposito—sed,
2075 2494 2364 2572 tandem,
2396 2495 2554 2582 legi-

538 2598 701 2663 time
745 2596 1122 2664 conclusum
1166 2599 1239 2663 in
1283 2598 1463 2666 dicta
1506 2620 1705 2666 causa
1744 2620 1823 2665 ac
1861 2600 1950 2665 ad
1977 2597 2381 2664 audiendum
2408 2619 2554 2664 sen·
2582 2619 2650 2669 fo.
2675 2620 2784 2672 880.

538 2702 822 2767 tenciam
846 2703 917 2766 in
940 2701 1119 2767 dicta
1140 2723 1339 2767 causa
1360 2700 1787 2767 diffinitivam
1810 2702 2096 2769 termino
2119 2702 2556 2788 peremptorie

532 2805 870 2891 assignato
914 2827 1064 2870 cum
1110 2805 1611 2874 continuacione
1653 2813 1724 2872 et
1782 2808 2247 2893 prorogacione
2298 2806 2554 2871 dierum

538 2914 697 2974 tunc
741 2910 1408 2993 sequencium—-Nos,
1460 2909 1771 2976 Officialis
1816 2910 2318 2996 Wygorniensis
2367 2914 2554 2976 ante-

535 3012 773 3090 dictus,
802 3013 1201 3101 investigato
1230 3019 1375 3082 toto
1419 3013 1597 3082 dicto
1641 3035 1949 3102 processu
1975 3037 2094 3100 per
2125 3037 2246 3080 nos
2275 3014 2553 3101 diligen-

535 3119 676 3182 tius
705 3118 959 3196 rimato,
1006 3117 1091 3183 ad
1119 3119 1453 3185 sentencie
1481 3119 1942 3206 prolacionem,
1984 3117 2232 3183 Christi
2266 3117 2554 3184 Nomine

535 3221 848 3307 primitus
878 3221 1204 3297 invocato,
1234 3221 1647 3307 procedimus
1676 3222 1748 3287 in
1776 3221 1958 3286 hunc
1985 3221 2277 3299 modum,
2306 3221 2555 3287 auditis

534 3333 609 3388 et
637 3325 898 3410 plenius
928 3324 1282 3391 intellectis
1324 3327 1581 3391 meritis
1624 3347 1819 3392 cause
1861 3324 2212 3401 antedicte,
2242 3346 2360 3411 per
2387 3331 2554 3406 acta,

538 3428 811 3493 actitata
840 3434 911 3493 et
954 3427 1169 3494 lucide
1211 3428 1493 3515 probata
1536 3431 1916 3496 invenimus
1953 3430 2164 3496 dictos
2195 3429 2557 3516 Religiosos

533 3531 730 3598 Viros
759 3531 1202 3598 intencionem
1246 3553 1452 3610 suam,
1481 3534 1555 3598 in
1600 3532 1778 3600 dicto
1807 3554 2030 3598 eorum
2059 3533 2285 3599 libello
2314 3533 2560 3601 deduc-

534 3641 699 3712 tam,
718 3635 912 3723 plene
942 3639 1010 3700 et
1038 3633 1438 3702 sufficienter
1468 3635 1781 3702 fundasse
1810 3645 1882 3703 et
1904 3635 2232 3723 probasse,
2260 3658 2378 3723 pro
2408 3635 2554 3704 iure

528 3739 819 3826 ponendi
850 3743 921 3805 et
947 3738 1331 3805 inveniendi
1352 3745 1423 3805 et
1444 3739 1868 3806 sustentandi
1895 3761 2016 3827 per
2047 3739 2353 3806 Rectores
2377 3742 2553 3808 dicte

536 3843 823 3909 Ecclesie
853 3843 936 3909 de
966 3840 1355 3922 Haseltons„
1396 3843 1537 3908 suis
1580 3848 1651 3910 et
1694 3843 1982 3911 Ecclesie
2012 3865 2129 3911 sue
2157 3844 2552 3930 sumptibus,

535 3945 965 4032 capellanum
995 3945 1331 4032 ydoneum
1374 3946 1447 4011 in
1492 3945 1671 4013 dicta
1699 3945 1994 4015 Ecclesia
2021 3969 2138 4012 seu
2169 3945 2438 4032 Capella
2467 3949 2550 4016 de
2631 3947 2636 3952 ’

534 4049 923 4136 3aneworth,
966 4049 1054 4114 ad
1094 4049 1485 4116 celebranda
1528 4049 1759 4116 divina
1805 4051 2129 4137 prefatam
2181 4051 2414 4117 villam
2465 4053 2548 4120 de

528 4152 915 4239 3aneworth
946 4151 1479 4219 inhabitantibus
1523 4158 1594 4220 et
1634 4152 1709 4220 in
1738 4153 1967 4221 eadem
1997 4175 2250 4220 moram
2278 4156 2547 4223 trahen-

535 4257 730 4334 tibus,
788 4257 1116 4322 dictorum
1187 4256 1666 4343 Religiosorum
1731 4257 2046 4324 Virorum
2118 4257 2404 4326 subditis
2477 4267 2548 4329 et

530 4361 932 4439 tenentibuS,
962 4365 1033 4426 et
1058 4361 1569 4428 administrandi
1599 4363 1846 4430 eisdem
1877 4367 2285 4429 sacramenta
2317 4367 2387 4429 et
2411 4365 2547 4434 alia

532 4469 677 4532 iura
720 4465 1091 4554 parochalia
1132 4466 1462 4545 universa,
1506 4466 1845 4554 sepultura
1897 4465 2331 4534 ecclesiastica
2374 4467 2541 4537 dun·

532 4575 720 4636 taxat
765 4574 1081 4658 excepta3
1120 4569 1681 4657 Capellanumque
1722 4569 2100 4636 huiusmodi
2147 4569 2444 4638 Rectoris
2471 4579 2543 4642 et

526 4673 706 4741 dicte
734 4673 1019 4740 Ecclesie
1047 4673 1444 4760 sumptibus,
1485 4674 1575 4741 ad
1616 4671 2079 4742 celebrandum
2117 4678 2188 4740 et
2224 4674 2542 4746 adminis-

531 4777 868 4857 trandum,
893 4783 975 4844 ut
1002 4777 1425 4864 premittitur,
1465 4798 1510 4845 a
1548 4779 1915 4865 sexaginta,
1944 4776 2428 4864 quinquaginta
2471 4788 2542 4850 et

526 4883 973 4969 quadraginta
1000 4881 1211 4960 annis,
1248 4881 1429 4948 ultra
1471 4885 1541 4950 et
1584 4883 1769 4962 citra,
1796 4901 1875 4949 ac
1903 4901 1945 4948 a
1971 4885 2267 4968 tempore
2310 4887 2379 4950 et
2421 4905 2542 4972 per
