3731 6032
24 1834 33 1861 v

1516 973 1641 1038 135

569 1135 865 1199 omnium
911 1135 1192 1201 aliorum
1250 1134 1337 1201 ad
1411 1134 1925 1222 parliamentum
1983 1134 2350 1223 predictum
2402 1154 2579 1200 sum·
2603 1138 2870 1199 fordshire,
2935 1153 3018 1189 ro·

568 1240 993 1319 monitorum,
1012 1244 1081 1306 et
1110 1240 1182 1304 in
1210 1238 1439 1305 eodem
1462 1244 1625 1306 tunc
1648 1239 2109 1321 existencium,
2125 1239 2211 1305 ad
2234 1238 2581 1327 specialem
2603 1204 3023 1323 ffvssffssssssf

570 1342 1067 1425 requisicionem
1098 1342 1514 1409 Prelatorum
1544 1348 1614 1409 et
1662 1343 1840 1409 Cleri
1891 1344 2077 1429 regni
2107 1343 2405 1430 predicti,
2434 1362 2588 1407 con·

569 1447 836 1513 cesserit
864 1467 981 1533 pro
1010 1468 1097 1524 se,
1126 1446 1475 1512 heredibus
1519 1452 1589 1513 et
1638 1448 2112 1513 successoribus
2157 1448 2314 1527 suis,
2343 1445 2591 1512 eisdem
2615 1439 2745 1554 {33¹²-
2761 1435 3022 1554 ὲὲἒᾶῇ·

570 1549 851 1616 Prelatis
880 1557 949 1617 et
980 1550 1196 1630 Clero,
1214 1550 1389 1636 quod
1418 1551 1643 1617 nullus
1673 1574 1753 1617 ex
1785 1556 1974 1638 parte
1997 1552 2209 1639 ipsius
2239 1552 2352 1617 avi
2382 1550 2588 1615 nostri
2614 1585 2657 1619 ο.
2695 1537 2938 1621 ῘῘ-Βω.
2969 1536 3025 1615 οἱ

571 1674 689 1721 nec
720 1655 1011 1733 alteriuS,
1042 1676 1158 1739 per
1186 1655 1710 1721 commissionem
1754 1655 1883 1720 sub
1934 1676 2176 1741 magno
2224 1655 2327 1721 vel
2384 1674 2590 1742 parvo
2614 1635 2728 1752 {¹3}-
2745 1632 2940 1693 Realm,
2973 1628 3026 1684 1.

570 1758 806 1843 sigillo,
835 1781 956 1825 nec
984 1758 1233 1845 absque
1286 1759 1757 1837 commissione,
1786 1763 2034 1825 extunc
2085 1761 2591 1847 imperpetuum,

571 1865 921 1950 quicquam
982 1864 1064 1930 de
1110 1863 1341 1940 bladis,
1394 1862 1586 1941 feniS,
1640 1864 1886 1943 bestiis,
1939 1863 2216 1949 caragiis
2265 1884 2385 1929 nec
2443 1862 2592 1927 aliis

573 1966 763 2033 bonis
864 1967 1537 2054 Archiepiscoporum,
1638 1967 2138 2054 Episcoporum,
2239 1966 2596 2045 Abbatum,

575 2070 896 2148 Priorum,
990 2070 1517 2150 Abbatissarum,
1613 2070 2100 2148 Priorissarum,
2219 2069 2597 2145 Rectorum,

576 2173 1005 2251 Vicariorum,
1064 2196 1181 2239 seu
1231 2173 1515 2240 aliorum
1591 2175 1903 2241 Virorum
1978 2173 2599 2250 Ecclesiasticorum,

576 2278 753 2343 infra
780 2278 1166 2356 mansiones,
1202 2279 1516 2358 maneria,
1544 2298 1886 2365 grangens,
1915 2298 2032 2344 seu
2077 2278 2210 2343 alia
2270 2277 2412 2343 loca
2461 2296 2600 2353 sua,

580 2381 759 2448 infra
780 2381 1051 2448 feodum
1083 2382 1321 2449 Sancte
1352 2382 1638 2448 Ecclesie
1682 2404 1804 2448 nec
1848 2386 2051 2459 extra,
2081 2386 2313 2448 contra
2365 2380 2601 2464 volun·

582 2491 789 2551 tatem
820 2486 1105 2563 illorum,
1126 2508 1405 2573 quorum
1434 2488 1602 2552 bona
1621 2486 1737 2551 illa
1760 2486 2031 2562 fuerint,
2051 2490 2315 2572 caperet
2337 2484 2600 2570 quovis-

583 2590 806 2665 modo;
851 2589 1161 2675 idemque
1184 2612 1350 2655 avus
1374 2595 1597 2655 noster
1615 2589 1910 2655 Prelatos
1937 2593 2004 2654 et
2031 2587 2252 2654 Oleros
2274 2587 2600 2675 predictos

578 2714 655 2758 ac
684 2713 907 2757 eorum
940 2694 1393 2779 possessiones,
1420 2692 1593 2758 bona
1636 2696 1705 2758 et
1748 2692 1992 2759 catalla
2021 2692 2094 2756 iu
2124 2692 2598 2778 protectionem
2623 2696 2692 2747 fo·
2722 2697 2833 2754 126.

584 2800 653 2861 et
698 2795 1152 2862 defencionem
1199 2818 1349 2861 suas
1410 2804 1479 2861 et
1535 2795 1852 2861 heredum
1913 2817 2183 2861 suorum
2242 2796 2602 2883 susceperit

577 2900 1065 2987 speciales—et,
1093 2902 1245 2977 iam,
1276 2923 1352 2967 ex
1404 2901 1591 2987 gravi
1632 2901 2044 2987 querimonia
2093 2899 2501 2966 Prelatorum
2534 2903 2604 2965 et

586 3004 761 3072 Cleri
786 3006 975 3092 regni
1021 3007 1233 3072 nostri
1284 3006 1746 3094 acceperimus,
1777 3003 1975 3093 quod,
2004 3004 2156 3071 licet
2209 3005 2282 3069 in
2325 3005 2632 3092 quibus··

583 3132 840 3195 cunque
871 3111 1439 3177 commissionibus
1471 3112 1711 3175 nostris
1741 3110 1825 3174 de
1881 3100 2284 3175 victualibus
2331 3115 2400 3175 et
2451 3109 2600 3174 aliis

584 3215 780 3280 rebus
826 3236 945 3301 pro
1006 3217 1311 3301 expensis
1371 3214 1649 3301 hospicii
1708 3216 1920 3280 nostri
1981 3213 2275 3279 emendis
2325 3218 2394 3279 et
2452 3235 2600 3300 pro-

588 3318 903 3395 videndis,
932 3340 1009 3384 ac
1038 3319 1311 3405 caragiis
1335 3341 1455 3406 pro
1486 3319 1729 3384 eisdem
1760 3317 2118 3405 capiendis,
2147 3339 2265 3404 per
2297 3339 2605 3402 expressa

586 3422 790 3488 verba
819 3423 1251 3500 contineatur,
1274 3423 1451 3509 quod
1481 3422 1848 3509 provisores
1874 3423 2083 3488 nostri
2108 3425 2250 3488 sive
2278 3427 2604 3505 emptores

586 3526 727 3591 sive
746 3526 1823 3613 captoreshuiusmodivictualium
1846 3531 1917 3592 et
1937 3525 2218 3591 aliarum
2245 3548 2461 3591 rerum
2483 3547 2604 3612 pro

588 3631 893 3717 expensis
924 3631 1084 3695 dicti
1115 3630 1391 3716 hospicii
1422 3631 1654 3708 nostri,
1684 3636 1804 3694 aut
1833 3639 2132 3717 captores
2177 3630 2450 3716 cariagii
2480 3651 2602 3716 pro

591 3733 835 3798 eisdem
867 3735 939 3798 in
982 3735 1549 3800 commissionibus
1600 3734 1914 3817 predictis
1960 3733 2282 3820 assignati
2331 3733 2643 3799 feodum·

592 3837 835 3902 Sancte
880 3838 1165 3903 Ecclesie
1216 3837 1498 3922 ingredi,
1526 3859 1643 3902 seu
1682 3837 2030 3923 quicquam
2079 3837 2326 3902 ibidem
2376 3840 2608 3903 contra

588 3941 991 4007 franchesias
1021 3946 1091 4006 et
1120 3940 1461 4006 libertates
1486 3940 1777 4006 eiusdem
1808 3963 2040 4028 capere
2072 3962 2204 4004 non
2235 3940 2606 4006 debeant—

590 4044 882 4132 quidam,
928 4048 1170 4122 tamen,
1214 4045 1573 4111 eorundem
1634 4045 2062 4131 provisorum,
2117 4049 2483 4132 emptorum
2537 4049 2606 4111 et

589 4154 954 4236 captorum,
1006 4150 1323 4236 premissa
1376 4150 1649 4213 minime
1692 4148 2200 4225 considerantes,
2230 4154 2331 4215 set
2378 4148 2606 4235 pocius

588 4254 765 4338 ipsos
799 4252 1092 4318 Prelatos
1123 4259 1192 4318 et
1222 4251 1449 4318 Oleros
1473 4252 1795 4318 malitiose
1817 4257 2313 4340 pregravantes,
2333 4253 2604 4318 feodum

594 4358 835 4423 Sancte
866 4356 1147 4423 Ecclesie
1176 4357 1659 4443 ingrediuntur,
1690 4378 1766 4423 ac
1820 4357 2083 4422 diversa
2114 4357 2328 4434 blada,
2357 4356 2607 4435 fenum,

587 4461 850 4540 bestiaS,
879 4462 1163 4547 cariagia
1192 4468 1261 4526 et
1279 4460 1411 4525 alia
1435 4461 1609 4526 bona
1630 4459 2312 4547 Archiepiscoporum,
2343 4461 2609 4547 Episco-

592 4585 848 4652 porum,
876 4563 1229 4641 Abbatum,
1254 4563 1553 4629 Priorum
1578 4563 2100 4641 Abbatissarum,
2122 4565 2608 4644 Priorissarum,

593 4668 971 4744 Rectorum,
1001 4667 1432 4746 vicariorum,
1455 4672 1524 4733 et
1544 4668 1825 4734 aliorum
1844 4668 2158 4734 Virorum
2192 4667 2601 4735 Ecclesiasti-

592 4793 818 4840 corum
864 4771 1025 4838 dicti
1084 4773 1270 4858 regni
1328 4773 1556 4850 nostri,
1615 4773 1795 4838 infra
1852 4773 2242 4850 mansiones,
2297 4774 2608 4852 maneria,

594 4897 935 4964 grangens,
982 4881 1051 4943 et
1101 4876 1236 4942 alia
1275 4875 1449 4943 bona
1506 4898 1641 4956 sua,
1689 4876 1871 4944 infra
1919 4876 2188 4942 feodum
2237 4877 2608 4964 predictum
