3731 6032
1584 1008 1706 1072 331

641 1170 938 1238 Salutem
971 1176 1038 1238 et
1069 1175 1510 1259 Apostolicam
1537 1173 2092 1240 Benedictionem.
2182 1173 2351 1239 Cum
2381 1193 2422 1237 a
2451 1171 2657 1237 Nobis
2682 1184 2901 1234 decision
2932 1185 3097 1232 about

642 1275 894 1361 petitur
967 1277 1142 1363 quod
1216 1279 1468 1342 iustum
1543 1284 1644 1343 est
1719 1285 1786 1342 et
1842 1277 2212 1354 honestum,
2269 1280 2408 1342 tam
2469 1276 2659 1362 vigor
2684 1247 3089 1379 fflgffi⁶

641 1379 975 1459 equitatis,
1005 1401 1203 1463 quam
1250 1379 1410 1446 ordo
1455 1382 1668 1466 exigit
1713 1382 2011 1456 racionis,
2041 1387 2119 1446 ut
2164 1381 2233 1445 id
2276 1401 2393 1466 per
2422 1378 2659 1445 sollici-

641 1481 940 1548 tudinem
972 1482 1167 1550 officii
1199 1483 1430 1550 Nostri
1459 1483 1545 1550 ad
1577 1484 1875 1549 debitum
1909 1485 2307 1571 perducatur
2336 1483 2658 1549 effectum.

641 1585 959 1653 Exhibita
1018 1587 1340 1674 siquidem
1403 1597 1623 1653 vestra
1697 1589 1942 1673 peticio
2014 1586 2417 1663 continebat,
2483 1585 2659 1672 quod

640 1689 890 1755 dudum
920 1693 1098 1757 inter
1129 1689 1261 1757 Vos
1291 1713 1374 1757 ex
1407 1697 1596 1777 parte
1617 1711 1768 1766 una,
1788 1697 1857 1756 et
1882 1691 2273 1776 Magistrum
2300 1689 2660 1774 Symonem

639 1793 722 1859 de
754 1792 1104 1872 Overburi,
1133 1795 1480 1861 Rectorem
1511 1794 1795 1860 Ecclesie
1819 1795 1901 1859 de
1928 1794 2281 1880 Hallynge,
2306 1793 2658 1880 Wygorni·

641 1897 816 1962 ensis
845 1897 1210 1976 Dioceseos,
1231 1920 1430 1985 super
1459 1896 1852 1984 quibusdam
1889 1897 2156 1964 decimis
2187 1903 2255 1962 et
2285 1897 2479 1962 rebus
2510 1896 2658 1961 aliis

640 2022 724 2065 ex
747 2001 978 2078 altera,
1001 2006 1146 2067 orta
1167 2004 1446 2068 materia
1463 2003 1828 2085 questionis
1849 2025 1864 2076 3
1913 2000 2201 2076 tandem,
2220 2005 2371 2086 post
2397 1999 2660 2066 habitos

639 2126 840 2191 super
882 2105 1007 2172 hoc
1051 2106 1345 2172 diversos
1388 2105 1545 2172 hine
1597 2107 1750 2170 inde
1799 2126 2159 2189 proceSSUS,
2188 2105 2325 2169 Vos
2372 2108 2443 2170 et
2485 2103 2660 2168 idem

643 2207 883 2274 Rector
923 2208 1266 2275 anfractus
1314 2211 1654 2296 cupientes
1700 2210 1915 2274 vitare
1961 2209 2179 2295 litigii,
2232 2208 2541 2294 pacisque
2590 2214 2659 2273 et

639 2312 980 2379 concordie
1030 2314 1217 2398 sequi
1271 2313 1637 2390 consilium,
1685 2314 2091 2380 ordinacioni
2130 2336 2246 2378 seu
2299 2314 2662 2398 provisioni

642 2415 1056 2482 Venerabilis
1130 2417 1383 2482 Fratris
1453 2417 1705 2492 Nostri,
1765 2417 2261 2502 Wygorniensis
2336 2416 2663 2504 Episcopi,

640 2520 774 2586 Vos
819 2542 1014 2606 super
1048 2520 1180 2585 hiis
1223 2525 1456 2608 sponte
1501 2541 1579 2588 ae
1633 2520 1993 2586 liberaliter
2034 2521 2431 2585 submisistis
2452 2545 2466 2598 ;
2510 2541 2659 2606 pro-

641 2625 1002 2700 mittentes,
1047 2625 1327 2710 prestito
1371 2626 1765 2700 iuramento,
1810 2625 1952 2689 eius
2009 2624 2493 2690 ordinacionem
2540 2645 2657 2688 seu

639 2728 1082 2813 provisionem
1107 2749 1304 2815 super
1332 2728 1462 2792 hiis
1494 2730 1830 2814 perpetuis
1863 2729 2269 2815 temporibus
2294 2726 2660 2794 observare.

641 2828 846 2907 Idem,
878 2852 1055 2905 vero,
1089 2830 1473 2917 EpiscopuS,
1503 2830 1882 2896 huiusmodi
1912 2832 2347 2897 submissione
2378 2834 2663 2921 recepta,

641 2934 928 3020 cupiens,
979 2933 1201 3000 debite
1258 2936 1654 3022 provisionis
1707 2934 2015 3011 remedi0,
2075 2935 2426 3000 suscitatas
2486 2935 2662 2999 inter

638 3037 771 3104 Vos
802 3045 872 3104 et
900 3039 1182 3103 eundem
1216 3038 1562 3104 Rectorem
1591 3046 1861 3126 propter
1892 3039 2013 3104 hoc
2044 3039 2407 3105 subducere
2430 3038 2654 3103 turba.

639 3142 846 3209 cionis
905 3142 1246 3227 proeellas,
1304 3142 1478 3207 inter
1551 3149 1768 3208 cetera
1842 3142 2320 3209 deliberacione
2380 3142 2659 3228 provida

640 3247 1000 3326 ordinavit,
1036 3251 1115 3312 ut
1162 3245 1316 3323 VoS,
1347 3246 1418 3309 in
1463 3246 1772 3311 maneriis
1826 3247 1909 3311 de
1953 3244 2259 3311 housbote
2304 3250 2373 3310 et
2401 3243 2659 3330 heybote

638 3351 728 3417 ad
798 3351 932 3416 Vos
1005 3350 1480 3436 spectantibus,
1569 3370 1645 3416 ac
1733 3349 2136 3415 decimarum
2211 3356 2513 3415 veterum
2587 3354 2657 3413 et

639 3454 977 3521 novalium
1018 3473 1274 3519 necnon
1317 3454 1879 3518 nutrimentorum
1920 3452 2309 3517 animalium
2352 3452 2657 3535 proveni·

641 3559 926 3635 encium,
959 3557 1413 3642 undecumque
1457 3555 1637 3623 infra
1682 3557 1891 3642 ipsius
1938 3555 2224 3621 Ecclesie
2268 3554 2659 3621 Parochiam

641 3661 1095 3739 existencium,
1123 3661 1546 3745 prestacione,
1576 3661 1722 3724 sitis
1753 3660 2021 3725 omnino
2046 3658 2657 3745 immunes—Capi-

641 3766 772 3832 tuli
824 3764 1188 3850 Wygornie
1247 3763 1329 3828 ad
1391 3763 1462 3827 id
1519 3764 1871 3829 accedente
1929 3767 2536 3849 concensu—prout
2587 3763 2660 3826 in

637 3870 881 3935 litteris
913 3868 1068 3934 inde
1099 3866 1418 3934 confectis
1464 3872 1533 3933 et
1563 3866 1890 3932 dictorum
1924 3866 2231 3954 Episcopi
2263 3871 2332 3932 et
2362 3864 2659 3953 Capituli

637 3971 872 4059 sigillis
902 3971 1182 4036 munitis
1215 3970 1475 4058 plenius
1505 3970 1750 4035 dicitur
1787 3972 2129 4037 contineri.
2221 3970 2378 4049 Nos,
2408 3973 2658 4056 itaque,

639 4076 896 4143 Vestris
923 4073 1521 4160 supplicacionibus
1563 4074 1885 4149 inclinati,
1914 4073 2399 4139 ordinacionem
2430 4073 2656 4138 huius·
2680 4062 2749 4113 ¹⁰·
2776 4062 2893 4113 ²⁹¹·

639 4178 818 4245 modi
847 4178 1022 4245 sicut
1049 4176 1326 4263 provide
1356 4182 1424 4241 et
1453 4177 1594 4241 sine
1618 4178 1951 4263 pravitate
1975 4175 2155 4243 facta
2173 4181 2275 4242 est
2295 4177 2657 4243 communi-

639 4304 810 4349 mus,
869 4281 1075 4358 Nulli,
1099 4302 1276 4367 ergo,
1298 4280 1669 4346 hominium
1695 4279 1892 4346 liceat
1909 4280 2083 4346 hanc
2100 4282 2411 4366 paginam
2434 4286 2657 4346 nostre

637 4384 1157 4454 confirmacionis
1176 4384 1538 4470 infringere
1560 4384 1663 4449 vel
1683 4385 1744 4449 ei
1762 4405 1927 4450 ausu
1949 4385 2297 4451 temerario
2316 4386 2655 4453 contraire.

639 4489 883 4575 Siquis,
927 4492 1172 4565 autem,
1214 4486 1341 4554 hoc
1383 4491 1784 4575 attemptare
1826 4488 2320 4575 presumpserit,
2350 4488 2655 4574 indigna·

637 4594 894 4663 cionem
926 4591 1420 4674 omnipotentis
1448 4591 1576 4657 Dei
1621 4595 1690 4657 et
1734 4592 2091 4659 Beatorum
2124 4592 2308 4658 Petri
2349 4596 2418 4657 et
2462 4592 2655 4657 Pauli

637 4695 1107 4784 Apostolorum
1131 4695 1291 4760 Eius
1312 4696 1572 4761 noverit
1589 4716 1658 4760 se
1678 4696 2114 4762 incursurum.
2203 4695 2456 4762 Datum
2473 4696 2655 4782 apud

637 4800 890 4868 Urbem
911 4800 1236 4875 Veterem,
1259 4798 1491 4864 Idibus
1520 4798 1679 4864 Iulii
1701 4823 1716 4878 ;
1763 4799 2197 4867 Pontificatus
2222 4799 2457 4866 Nostri
2478 4820 2657 4866 anno

637 4904 862 4973 tercio.

845 5000 888 5065 2
926 4991 1000 5066 Τ*
