3731 6032
1674 953 1805 1013 lvii.

1407 1341 1880 1406 APPENDIX
1989 1341 2066 1406 A.

1668 1505 1799 1516 .—

820 1597 919 1646 The
948 1597 1315 1644 Examination
1350 1598 1408 1658 of
1438 1612 1509 1644 an
1548 1596 1753 1644 Abbot’s
1792 1597 1926 1643 tomb
1968 1597 2033 1656 by
2067 1595 2228 1644 Abbot
2267 1596 2663 1645 Kederminster.

716 1713 795 1760 Ex
848 1712 1095 1774 Registro
1146 1712 1391 1761 Abbatiae
1446 1712 1845 1762 winchelcumb
1891 1727 1988 1774 per
2047 1711 2462 1762 Kederminster.
2556 1711 2898 1772 Girmundus,

582 1795 763 1844 Abbas
799 1795 1213 1856 Winchelcumb,
1254 1811 1395 1844 anno
1432 1811 1572 1844 nono
1610 1795 1857 1844 willelmi
1906 1795 2042 1855 Rufi,
2077 1799 2134 1842 et
2167 1793 2369 1856 prefuit
2407 1794 2579 1844 Annis
2613 1797 2696 1845 26.
2789 1794 2898 1844 Ubi

584 1879 801 1942 loquens
831 1881 898 1928 de
938 1881 1052 1928 loco
1082 1879 1385 1942 sepulturae
1414 1879 1571 1928 istius
1606 1879 1831 1928 Abbatis
1860 1879 1916 1926 in
1949 1878 2092 1926 illius
2128 1877 2378 1926 Coenobii
2413 1879 2659 1938 claustro,
2693 1893 2900 1928 necnon

582 1963 651 2010 de
685 1963 959 2024 apertione
997 1961 1393 2024 sepulchrorum
1426 1962 1653 2011 Abbatis
1684 1961 1960 2010 Godefridi
1990 1965 2047 2010 et
2083 1960 2380 2022 Gir-mundi,
2423 1961 2499 2010 sic
2532 1961 2635 2010 m’t:
2673 1963 2898 2010 Interim

582 2045 709 2094 dum
746 2045 855 2094 ista
888 2049 1189 2108 agerentur,
1228 2043 1456 2094 fecimus
1494 2060 1615 2094 cum
1652 2046 1990 2094 accuratione
2029 2059 2194 2092 unum
2235 2045 2320 2092 vel
2365 2045 2594 2093 alterum
2639 2061 2704 2093 ex
2748 2059 2898 2107 prae-

575 2129 739 2178 dictis
779 2129 1138 2178 Monumentis
1174 2129 1400 2191 aperir13
1446 2129 1623 2178 tenuit
1660 2125 1861 2190 [enim]
1905 2144 2000 2178 nos
2037 2142 2288 2189 magnum
2325 2127 2646 2176 desiderium
2685 2128 2900 2177 videndi

582 2227 687 2275 quo
720 2215 983 2274 apparatu
1022 2211 1227 2275 antiqui
1262 2216 1444 2274 patres
1483 2211 1651 2260 nostri
1688 2212 1992 2274 sepulturae
2026 2211 2212 2260 traditi
2248 2214 2444 2260 essent.
2513 2211 2901 2274 Prospicientes

582 2297 749 2356 igitur
792 2297 849 2344 in
893 2301 1299 2345 monumentum
1346 2296 1577 2344 vidimus
1622 2310 1769 2344 more
1814 2295 2194 2344 monachorum
2241 2293 2426 2354 (etiam
2472 2295 2518 2344 si
2561 2309 2670 2343 non
2714 2291 2896 2357 fallor)

582 2395 704 2428 cum
744 2380 907 2428 calice
948 2380 1015 2428 de
1050 2379 1197 2441 ligno
1244 2378 1423 2428 fabrili
1464 2393 1554 2428 eos
1598 2379 1764 2428 fuisse
1810 2379 2062 2441 sepultos,
2109 2377 2466 2427 Nihilominus
2511 2393 2608 2440 pro
2651 2377 2902 2428 cuoculh's

580 2477 758 2524 panno
807 2463 965 2525 longe
1023 2463 1275 2524 grossiori
1325 2465 1383 2511 et
1436 2461 1656 2511 minoris
1700 2462 1878 2523 pretii,
1928 2462 2108 2522 immo,
2153 2475 2331 2523 panno
2379 2462 2742 2523 grossissim03
2804 2476 2902 2523 pro

583 2545 871 2593 cothurnis
902 2559 1028 2592 vero
1050 2545 1175 2593 altis
1206 2544 1412 2604 calceis,
1440 2544 1853 2593 monasticorum
1885 2559 2048 2605 more,
2079 2545 2160 2592 usi
2193 2547 2334 2593 sunt.
2405 2544 2552 2594 Haec
2573 2549 2630 2594 et
2650 2546 2901 2608 pleraque

576 2627 689 2676 alia
724 2628 941 2676 tametsi
974 2628 1202 2690 amplius
1240 2643 1401 2690 quam
1441 2628 1543 2676 300
1572 2627 1727 2676 annis
1762 2627 1817 2675 in
1854 2631 2002 2676 terra
2028 2627 2322 2691 jacuerant,
2356 2628 2510 2676 nobis
2543 2633 2672 2676 tunc
2705 2629 2900 2690 palam,

580 2710 883 2759 discernere
926 2710 1137 2759 licebat.
1230 2711 1308 2758 Ex
1352 2710 1543 2774 quibus
1587 2709 1807 2774 aliisque
1852 2725 2014 2773 quam
2059 2711 2302 2773 plurimis
2347 2711 2684 2774 conjecturis,
2741 2711 2900 2773 plane

582 2791 823 2856 profecto
870 2792 1101 2842 arbitror
1146 2793 1435 2842 Monachos
1479 2809 1543 2841 eo
1586 2796 1826 2856 tempore
1871 2798 1988 2842 tum
2034 2793 2250 2854 vestitu,
2295 2793 2458 2854 victu,
2503 2797 2620 2842 tum
2668 2793 2898 2853 demum,

582 2875 819 2925 moribus
853 2878 910 2923 et
949 2876 1349 2924 conversatione
1380 2876 1537 2938 longe
1570 2857 1898 2936 humiliores,
1931 2876 2261 2939 abjectiores,
2293 2875 2698 2938 temperatiores
2731 2875 2899 2925 fuisse

583 2971 741 3021 quam
776 2958 944 3006 simus
974 2973 1073 3008 nos
1102 2959 1203 3008 hac
1234 2957 1436 3007 infelici
1462 2961 1797 3022 tempestate,
1822 2960 2096 3022 magisque
2124 2959 2572 3022 appropinquasse
2607 2959 2676 3007 ad
2708 2973 2896 3021 puram

564 3041 944 3103 ‚sinceramque
971 3041 1365 3091 observantiam
1392 3042 1691 3103 regularem
1718 3042 1875 3105 juxta
1905 3042 2196 3091 beatissimi
2225 3042 2398 3104 patris
2429 3042 2597 3091 nostri
2623 3042 2897 3091 Benedicti

580 3123 809 3185 primam
848 3123 1239 3173 institutionem
1270 3140 1307 3173 a
1340 3139 1445 3187 qua
1484 3120 1640 3187 (proh
1675 3124 1823 3173 dolor
1838 3120 1876 3185 ἒ)
1917 3124 2242 3186 prelatorum
2275 3123 2482 3173 incuria
2515 3124 2723 3187 longius
2756 3139 2900 3173 nunc

582 3205 787 3254 dierum
829 3206 1120 3255 declinasse
1159 3206 1455 3269 abiisseque
1494 3207 1751 3255 videmur.
1843 3207 1948 3255 Det
1983 3214 2165 3255 tamen
2201 3203 2435 3269 (precor)
2475 3207 2618 3255 Deus
2653 3206 2898 3269 Optimus

582 3288 845 3337 Maximus
877 3288 1031 3352 quod,
1056 3289 1297 3353 abjectis,
1332 3289 1803 3338 consuetudinibus
1830 3289 2172 3338 libertatibus
2204 3304 2306 3352 que
2340 3294 2554 3337 nostrae
2579 3288 2898 3351 professioni

576 3371 984 3421 adversantibus
1022 3388 1211 3435 puram
1256 3378 1312 3421 et
1366 3372 1699 3421 verissimam
1750 3372 2144 3421 observantiam
2191 3386 2372 3421 sacrae
2428 3372 2644 3433 reg-ulae
2699 3372 2896 3435 absque

577 3452 703 3504 fuco
743 3456 1019 3519 coloreque
1056 3456 1340 3519 aliquando
1372 3456 1749 3519 amplexemur.

572 3542 577 3549 '
1818 3538 1928 3589 MS.
1971 3538 2180 3588 Tanner
2215 3540 2452 3587 842-343.
2523 3539 2672 3589 Bodl.
2713 3538 2826 3588 Lib.

1413 3932 1875 3998 APPENDIX
1966 3933 2038 3999 B.

572 4187 617 4235 A
654 4188 793 4236 short
831 4203 1093 4248 smnmary
1128 4191 1184 4251 of
1214 4204 1287 4237 cm
1322 4194 1537 4237 account
1567 4191 1624 4251 of
1654 4190 1737 4238 the
1770 4190 2052 4250 proper-ties
2097 4190 2340 4248 acquir-ed
2375 4190 2461 4249 sor
2500 4188 2582 4237 the
2617 4189 2790 4248 Abbey
2823 4188 2888 4247 bv

711 4269 873 4319 Abbot
918 4271 1110 4321 Walter
1138 4272 1200 4321 de
1236 4272 1520 4333 Wykenmn,
1559 4273 1667 4320 and
1699 4274 1756 4333 of
1790 4272 1872 4320 hia
1925 4273 2299 4323 Constitutione
2328 4273 2416 4333 for
2453 4272 2534 4320 the
2564 4277 2886 4331 commutent

704 4354 761 4415 os
788 4354 871 4403 the
915 4354 1101 4417 Abbey,
1146 4356 1419 4403 contained
1450 4356 1511 4402 in
1548 4356 1658 4405 MS.
1703 4356 1900 4417 cotton,
1946 4356 2232 4417 Cleopatra,
2271 4356 2332 4405 Β.
2371 4355 2448 4416 ii„
2478 4354 2575 4415 fol.
2611 4354 2884 4417 216-219b‚

692 4437 811 4503 ‘and
842 4438 1054 4497 pn'nted
1087 4438 1149 4485 in
1186 4436 1464 4499 Duqdale’s
1498 4438 1511 4461 ‘
1528 4438 1879 4500 Momticon,’
1921 4438 1995 4501 ii„
2032 4437 2272 4489 304·309.

704 4553 883 4603 Abbot
942 4553 1233 4617 wykewan
1294 4554 1545 4603 obtained
1607 4555 1700 4603 the
1766 4554 2162 4617 appropriation
2223 4554 2283 4603 of
2339 4554 2434 4603 the
2495 4554 2768 4603 Ghurches
2825 4554 2886 4603 of

570 4634 915 4685 Winohcomb
957 4636 1065 4685 and
1110 4636 1347 4686 Eustone
1392 4636 1541 4696 (Feb.
1584 4638 1667 4697 26,
1721 4634 1876 4701 1309)
1925 4639 2097 4686 under
2138 4638 2232 4686 the
2275 4638 2538 4687 influence
2581 4636 2639 4685 of
2685 4636 2884 4699 Bishop

566 4718 808 4783 Godfrey
844 4718 1051 4769 Gistard
1088 4720 1195 4768 and
1226 4720 1368 4783 Pope
1410 4720 1653 4769 Clement
1688 4720 1769 4781 V„
1806 4720 1912 4769 and
1957 4720 2029 4769 all
2065 4721 2158 4769 the
2203 4721 2368 4769 tithes
2407 4718 2466 4769 of
2499 4720 2592 4769 the
2633 4720 2882 4770 demesne

569 4801 627 4849 of
663 4802 899 4865 Halling,
941 4802 1194 4862 Cutsden,
1237 4802 1485 4866 Sponley,
1524 4804 1797 4865 Haselton‚
1838 4804 1946 4853 and
1977 4804 2302 4863 Yanworth3
2341 4804 2410 4853 he
2431 4803 2572 4852 built
2601 4802 2694 4852 the
2731 4802 2882 4851 vault

564 4884 627 4934 of
650 4885 743 4934 the
765 4884 1105 4949 Presbytery,
1129 4885 1187 4934 of
1209 4901 1244 4935 a
1266 4886 1469 4936 Carrell
1496 4882 1657 4949 (pew)
1678 4886 1972 4951 adjoining,
1995 4888 2103 4937 and
2136 4887 2350 4949 chapels
2372 4887 2533 4936 north
2553 4885 2614 4936 of
2633 4886 2800 4949 these,
2823 4886 2882 4935 in
