3731 6032
707 1125 777 1176 all
803 1125 1033 1188 nervicos,

710 1189 867 1254 daily,
890 1191 993 1241 aud
1014 1191 1096 1240 for

705 1258 1116 1319 sacrament-,arc-

707 1849 886 1914 saving
907 1850 1070 1901 burial
1096 1868 1112 1914 ;

711 1916 812 1964 and
837 1916 999 1979 rep-ir

757 1981 948 2032 hancel.

2090 948 2219 1012 348

1143 1114 1534 1180 tenebantur
1559 1117 1647 1180 ab
1666 1117 1844 1196 olim,
1861 1123 1931 1182 et
1948 1119 2213 1182 tenetur
2234 1115 2451 1182 dictus
2474 1113 2779 1181 dominus
2802 1115 3153 1198 Henricus‚

1141 1218 1260 1304 qui
1322 1240 1501 1285 nunc
1549 1225 1669 1297 est,
1722 1219 2151 1307 Capelianum
2200 1218 2704 1304 ydoneum—ad
2760 1219 3151 1288 celebranda

1143 1320 1394 1398 divina,
1462 1321 1742 1408 singulis
1802 1321 2054 1400 diebus,
2112 1323 2183 1388 in
2245 1321 2539 1388 Ecclesia
2616 1321 2697 1386 de
2748 1325 3152 1410 3aneworth,

1141 1427 1443 1490 omnibus
1471 1432 1540 1491 et
1568 1426 1844 1508 singulis
1874 1427 2119 1490 dictam
2144 1424 2367 1489 villam
2392 1424 2473 1489 de
2502 1427 2868 1512 3aneworth
2893 1428 3153 1492 inhabi-

1139 1531 1437 1593 tantibus
1463 1536 1534 1594 et
1563 1531 1631 1593 in
1663 1531 1890 1595 eadem
1919 1549 2169 1593 moram
2200 1529 2609 1593 trahentibus
2633 1551 2652 1606 3
2682 1540 2751 1594 et
2779 1530 2863 1593 ad
2892 1531 3153 1595 admin-

1138 1631 1440 1698 istranda
1484 1633 1728 1699 eisdem
1773 1639 2175 1698 sacramenta
2220 1640 2290 1697 et
2348 1634 2842 1698 sacramentalia
2900 1643 2970 1699 et
3019 1635 3152 1701 alia

1137 1736 1287 1801 iura
1330 1738 1730 1822 parochialia
1758 1739 2087 1814 universa,
2129 1744 2268 1805 tam
2302 1739 2373 1802 in
2404 1739 2543 1804 vita
2587 1760 2783 1824 quam
2814 1741 2887 1805 in
2922 1746 3153 1818 morte,

1139 1841 1450 1926 quociens
1478 1848 1549 1907 et
1578 1842 1836 1925 quando
1867 1862 2033 1928 opus
2076 1840 2298 1916 fuerit,
2340 1840 2685 1928 sepultura
2712 1842 3151 1911 ecclesiastica

1139 1944 1470 2012 duntaxat
1540 1952 2160 2032 excepta—ponere,
2220 1947 2492 2032 eiusque
2566 1955 2633 2011 et
2694 1946 2976 2013 Ecclesie
3034 1969 3153 2014 sue

1137 2048 1510 2135 sumptibus
1539 2063 1607 2115 ct
1634 2049 1978 2136 stipendiis
2009 2049 2305 2116 iuvenire
2334 2054 2403 2115 et
2430 2053 2803 2116 sustentare
2826 2072 2844 2128 ;
2888 2072 3146 2118 necnon

1139 2151 1514 2219 Cancellum
1543 2152 1718 2220 dicte
1747 2153 2033 2220 Ecclesie
2062 2153 2144 2219 de
2168 2155 2550 2242 3aneworth
2582 2155 2719 2218 suis
2750 2154 3149 2241 sumptibus,

1137 2260 1216 2321 ut
1245 2255 1674 2339 premittitur,
1703 2261 1773 2322 et
1802 2255 2107 2341 expensis
2136 2257 2399 2322 reficere
2421 2261 2490 2322 et
2519 2277 2851 2342 reparare=
2882 2258 3147 2344 fuitque

1136 2361 1314 2427 dicta
1343 2360 1626 2426 Ecclesia
1653 2382 1769 2426 seu
1800 2359 2072 2446 Capella
2100 2360 2183 2425 de
2214 2359 2584 2447 3aneworth
2618 2361 2689 2426 in
2720 2362 3146 2446 possessione,

1135 2463 1243 2529 vel
1288 2465 1475 2549 quasi
1518 2464 1678 2529 iuris
1719 2464 2007 2551 pacifica,
2055 2464 2459 2550 percipiendi
2504 2473 2571 2529 et
2600 2463 2886 2530 habendi
2916 2465 3145 2530 huius-

1133 2566 1314 2632 modi
1357 2569 1704 2631 servicium
1749 2577 1819 2631 et
1861 2569 2301 2632 ministerium
2346 2588 2459 2631 seu
2505 2589 2671 2633 onus
2702 2568 3032 2653 prefatum
3061 2569 3149 2634 ab

1133 2670 1440 2735 omnibus
1468 2675 1538 2736 et
1565 2671 1842 2756 singulis
1874 2671 2280 2747 RectoribuS,
2330 2671 2447 2756 qui
2490 2693 2611 2758 pro
2642 2677 2937 2758 tempore
2970 2671 3150 2739 fuer-

1131 2780 1259 2839 unt
1304 2773 1593 2840 Ecclesie
1639 2774 1992 2859 prelibate:
2054 2774 2475 2860 fueruntque,
2524 2777 2750 2848 eciam.
2799 2797 3023 2842 omnes
3077 2780 3149 2842 et

1132 2877 1372 2963 singuli
1403 2877 1645 2944 dictam
1689 2879 1919 2944 villam
1966 2878 2047 2944 de
2084 2879 2463 2956 5aneworth
2498 2878 2945 2946 inhabitantes
2976 2885 3045 2947 et
3073 2881 3146 2947 in

1135 2980 1365 3047 eadem
1408 3003 1658 3047 moram
1703 2981 2041 3049 trahentes
2084 2981 2334 3050 subditi
2379 2987 2448 3048 et
2476 2987 2779 3050 tenentes
2821 2985 3145 3053 dictorum

1137 3085 1610 3172 Religiosorum
1637 3086 1957 3163 Virorum,
1979 3088 2097 3174 qui
2136 3107 2313 3153 nunc
2335 3093 2491 3154 sunt
2530 3109 2605 3154 ac
2651 3088 3145 3175 predecessores,

1135 3194 1204 3255 et
1242 3191 1723 3276 predecessores
1753 3189 2127 3269 eorundem,
2168 3192 2241 3255 in
2286 3191 2449 3256 villa
2490 3192 2807 3277 predicta,
2834 3193 2973 3258 suis
3000 3214 3147 3261 suc·

1133 3294 1398 3359 cessivis
1456 3293 1884 3379 temporibuS,
1942 3294 2012 3359 in
2072 3296 2493 3380 possessione,
2556 3295 2664 3360 vel
2723 3297 2913 3381 quasi
2968 3298 3148 3375 iuris,

1132 3396 1534 3483 percipiendi
1564 3403 1632 3464 et
1675 3397 1961 3463 habendi
1991 3397 2367 3464 huiusmodi
2396 3407 2807 3464 sacramenta
2836 3405 2905 3466 et
2934 3421 3147 3467 sacra·

1132 3502 1447 3569 mentalia
1472 3522 1551 3568 ac
1577 3501 1712 3568 alia
1740 3501 1887 3567 iura
1915 3501 2314 3588 parochialia
2352 3502 2679 3579 universa,
2708 3510 2786 3567 ut
2816 3506 3143 3589 premitti-

1131 3612 1266 3685 tur,
1293 3610 1614 3692 quatenus
1643 3618 2025 3672 concernere
2070 3606 2315 3691 poterit
2358 3605 2724 3691 quemlibet
2768 3608 3145 3685 eorundem,

1131 3711 1393 3797 quocies
1438 3731 1602 3795 opus
1646 3708 1872 3786 fuerit,
1916 3709 2057 3773 iure
2100 3709 2439 3793 sepulture
2481 3708 2811 3774 duntaxat
2851 3715 3146 3797 excepto,

1129 3814 1216 3880 ab
1237 3812 1614 3878 huiusmodi
1634 3811 2012 3898 Capellano,
2034 3811 2411 3898 sumptibus
2440 3818 2510 3878 et
2530 3814 2829 3897 expensis
2847 3812 3145 3879 Rectoris

1017 3910 1022 3913 ’
1133 3916 1418 3981 Ecclesie
1463 3915 1544 3981 de
1588 3914 1956 3980 Haseltona
1999 3914 2291 4001 predicte
2334 3916 2613 4000 propriis
2657 3918 3147 4003 cuiuscumque,

701 4605 748 4656 A
771 4606 1042 4671 chsplain's

1132 4020 1246 4105 qui
1290 4042 1412 4106 pro
1455 4028 1746 4100 tempore
1789 4018 1993 4084 fuerit
2036 4019 2202 4083 inibi
2256 4018 2657 4104 deputatus;
2715 4020 3146 4105 Rectoresque

1131 4146 1356 4191 omnes
1416 4129 1486 4189 et
1543 4124 1784 4207 singuli
1857 4122 2033 4189 dicte
2102 4121 2390 4188 Ecclesie
2449 4122 2531 4186 de
2592 4122 2969 4196 Haseltona,
3027 4124 3144 4210 qui

1129 4228 1401 4293 fuerant
1441 4227 1580 4293 suis
1622 4226 2001 4293 successivis
2047 4229 2465 4309 temporibus,
2516 4226 2893 4291 huiusmodi
2943 4248 3143 4293 onera

1129 4340 1535 4417 agnoverant
1557 4335 1913 4417 gratanter,
1936 4330 2203 4415 pacifice
2228 4339 2296 4394 et
2318 4330 2561 4414 quiete,
2580 4330 2733 4395 alx.
2768 4330 2805 4395 l.
2837 4330 2921 4397 xl.
2952 4332 3145 4396 annis

1129 4438 1293 4500 citra
1323 4441 1391 4500 et
1420 4456 1637 4519 supra,
1666 4456 1705 4498 a
1737 4438 2032 4519 tempore
2062 4440 2132 4498 et
2161 4454 2279 4519 per
2308 4438 2586 4518 tempus,
2616 4434 2800 4499 cuius
2831 4434 3145 4499 contrarii

1128 4539 1443 4603 memoria
1463 4538 1806 4602 hominum
1838 4557 1970 4602 non
2000 4537 2243 4615 existit,
2267 4541 2336 4601 et
2358 4535 2535 4601 idem
2560 4536 2888 4604 Henricus
2914 4537 3145 4603 volun-

698 4671 861 4721 house
873 4678 998 4723 next
1013 4674 1104 4724 the
1126 4644 1296 4709 tarie
1339 4643 1631 4728 agnovit,
1674 4646 1976 4728 tempora
2018 4662 2138 4706 suo
2181 4662 2389 4726 usque
2432 4640 2517 4705 ad
2579 4650 2838 4727 tempus
2890 4648 3147 4707 contra-

698 4736 892 4787 cburch
916 4740 1055 4802 yard,

699 4800 820 4863 also,
841 4808 898 4853 at
918 4804 1009 4853 the

701 4868 929 4919 Rector's
942 4874 1065 4921 cost.

1129 4748 1439 4813 diceionis
1468 4746 1643 4812 infra
1672 4746 1925 4833 scripte.
1999 4744 2133 4826 Qui
2165 4745 2429 4831 quidem
2463 4744 2860 4831 Capellanus
2892 4766 3143 4811 moram

1127 4852 1509 4919 continuam
1555 4852 1624 4914 in
1675 4848 1963 4935 quadam
2014 4849 2209 4915 domo
2260 4850 2448 4914 iuxta
2489 4847 2917 4914 cemiterium
2971 4847 3145 4915 dicte
