3731 6032
2093 986 2220 1048 140

717 1164 774 1214 of
791 1165 1119 1219 Winehoomb
1145 1146 1214 1208 et
1262 1142 1557 1229 Capituli
1621 1143 2002 1231 Wygornie,
2055 1145 2326 1211 Ordinis
2375 1145 2604 1211 Sancti
2652 1143 3013 1219 Benedicti,
3063 1163 3170 1205 ac-

717 1230 949 1359 xanthi}
970 1234 1115 1349 4222·
1143 1245 1415 1312 cedente
1444 1268 1788 1327 consensu,
1818 1272 1901 1313 ex
1948 1250 2144 1314 certis
2190 1249 2699 1314 racionabilibus
2749 1248 2961 1313 causis
3012 1244 3170 1309 hinc

718 1334 857 1422 man:
906 1363 1110 1429 Biehop,
1144 1351 1484 1435 expressiS,
1503 1350 1898 1438 Perpetuam
1924 1353 2249 1417 vicariam
2274 1352 2718 1417 Parochialem
2743 1352 2825 1415 de
2835 1347 3164 1435 Wynche-

716 1427 861 1542 ἓξ),
884 1428 993 1545 {a
1026 1430 1117 1479 ὼε
1141 1453 1390 1529 cumbe,
1407 1453 1900 1540 Wygornicnsis
1925 1455 2504 1540 Diocese08‚q11am
2527 1455 2790 1540 quidem
2803 1453 3160 1519 Ecclesiam

718 1558 941 1623 Chapter
974 1562 1029 1611 of
1142 1557 1365 1622 dilecti
1397 1557 1537 1633 filii,
1557 1558 1776 1623 Abbas
1807 1565 1877 1624 et
1909 1558 2286 1623 Conventus
2315 1559 2700 1624 Monasterii
2726 1558 2807 1623 de
2831 1557 3162 1645 Wynche-

717 1625 1082 1755 ἔνῆῗζῗέῥε,
1142 1659 1399 1735 cumbe,
1454 1660 1723 1726 Ordinis
1774 1660 2004 1727 Sancti
2054 1661 2419 1737 Benedicti,
2472 1663 2543 1725 in
2591 1684 2750 1726 usus
2799 1684 3044 1737 eorum,
3095 1670 3166 1726 et

1143 1764 1329 1828 cuius
1388 1763 1655 1849 quidem
1728 1764 1987 1830 Vicarie
2048 1764 2365 1849 [fructus]
2425 1766 2932 1851 quinquaginta,
2984 1766 3162 1831 dicto

1144 1865 1559 1944 Monasterio,
1590 1868 1777 1933 cuius
1807 1873 2304 1955 octogentarum
2336 1868 2752 1934 marcharum
2783 1869 3162 1955 sterlingor-

1140 1994 1255 2035 um
1316 1971 1595 2049 fructus,
1647 1973 1942 2039 redditus
2003 1979 2072 2039 et
2132 1981 2514 2060 proventus,
2565 1974 2927 2040 secundum
2987 1996 3159 2039 com-

1141 2096 1407 2139 munem
1438 2077 1958 2154 extimationem,
1989 2077 2276 2142 valorem
2323 2099 2641 2151 annuum,
2697 2085 2775 2143 ut
2824 2078 3160 2153 asseritur,

1068 2236 1075 2241 .
1138 2199 1274 2243 non
1318 2179 1663 2255 excedunt,
1708 2183 2106 2246 auctoritate
2151 2181 2482 2246 ordinaria
2528 2186 2848 2267 perpetuo
2895 2181 3156 2267 incorpo

1138 2283 1329 2359 ravit,
1351 2284 1678 2348 annexuit
1696 2290 1765 2348 et
1788 2285 2037 2363 univit3
2089 2286 2378 2370 ipsisque
2403 2284 2645 2349 Abbati
2673 2290 2741 2348 et
2761 2284 3151 2361 Conventui,

1136 2391 1213 2450 ut
1242 2386 1516 2451 candem
1548 2388 1614 2451 in
1648 2409 1805 2451 usus
1835 2389 2133 2473 proprios
2164 2389 2465 2466 retinere,
2496 2407 2748 2453 necnon
2782 2387 2983 2461 illam,
3013 2387 3152 2451 sive

1132 2510 1352 2553 curam
1384 2490 1757 2555 animarum
1810 2491 2204 2556 dilectorum
2254 2491 2560 2566 filiorum,
2612 2488 3153 2575 parochianorum

1131 2592 1423 2657 eiusdem
1478 2594 1763 2659 Ecclesie
1815 2594 1898 2657 de
1947 2592 2504 2679 Wynchecumbe,
2556 2615 2674 2679 per
2718 2593 3151 2678 presbiterum

1130 2697 1505 2773 secularem,
1535 2697 1673 2762 solo
1707 2702 1879 2762 nutu
1913 2698 2190 2762 Abbatis
2241 2703 2310 2762 et
2359 2697 2746 2762 Conventus
2799 2696 3154 2782 predictor—

1131 2821 1263 2875 um,
1294 2821 1412 2885 pro
1445 2806 1740 2886 tempore
1794 2802 2174 2887 ponendum
2226 2810 2294 2865 et
2345 2800 2834 2877 removendum,
2865 2802 3151 2868 exerceri

1129 2910 1198 2967 et
1227 2905 1366 2989 regi
1412 2904 1647 2997 facere,
1678 2913 1964 2991 possent,
1996 2906 2262 2969 duxerit
2307 2904 2818 2981 concedendum,
2848 2910 3046 2990 prout
3077 2906 3146 2968 in

1129 3008 1523 3090 quibusdam
1555 3010 1910 3075 autenticis
1943 3008 2187 3074 litteris
2220 3008 2376 3073 inde
2421 3008 2759 3084 confectis,
2790 3008 3146 3074 eorundem

1130 3110 1453 3197 Episcopi,
1483 3111 1727 3177 Prioris
1773 3118 1840 3178 et
1895 3112 2186 3198 Capituli
2232 3112 2467 3198 sigillis
2521 3113 2819 3189 munitis,
2870 3133 3148 3197 quarum

1128 3218 1425 3280 tenorem
1457 3215 1874 3301 presentibus
1907 3215 2103 3278 inseri
2132 3215 2428 3290 fecimuS,
2448 3215 2706 3301 plenius
2736 3217 3150 3289 continetur;

1130 3319 1433 3402 quamvis
1462 3318 1740 3404 predicti
1776 3318 1998 3382 Abbas
2052 3323 2121 3383 et
2168 3318 2572 3396 Conventus,
2605 3319 2830 3404 vigore
2862 3319 3148 3398 unionis,

1128 3423 1519 3486 annexionis
1542 3429 1609 3486 et
1632 3422 2179 3506 incorporacionis
2203 3421 3145 3507 predictarum.possessionem

1128 3525 1419 3610 predicte
1472 3525 1728 3591 Vicarie
1775 3525 2069 3589 nondum
2123 3525 2391 3603 fuerint,
2443 3527 2582 3589 sive
2633 3526 2784 3600 sint,
2831 3525 3144 3611 adepti-

1127 3627 1263 3692 Nos
1294 3629 1539 3692 eisdem
1586 3628 1835 3693 Abbati
1881 3633 1950 3693 et
2003 3628 2396 3706 Conventui,
2448 3629 2586 3713 [ut]
2632 3629 2807 3705 uni0,
2855 3631 3143 3693 annexio

1126 3737 1196 3794 et
1226 3731 1661 3816 incorporatio
1684 3737 2043 3798 memorate
2066 3734 2432 3797 sortiantur
2473 3733 2754 3808 effectui,
2800 3733 3144 3819 providere

1126 3835 1488 3915 cupientes,
1519 3840 1700 3900 motu
1752 3839 2038 3923 proprio,
2069 3859 2202 3901 non
2255 3835 2339 3900 ad
2393 3837 2686 3918 ipsorum
2739 3835 3024 3900 Abbatis
3072 3841 3141 3902 et

1129 3937 1531 4015 ConventuS,
1592 3939 1692 4004 vel
1770 3941 2045 4005 alterius
2105 3962 2223 4025 pro
2295 3939 2389 4004 eis
2450 3939 2659 4002 Nobis
2745 3961 2943 4025 super
3018 3939 3142 4005 hoc

1129 4041 1349 4106 oblate
1424 4043 1763 4129 petitionis
1830 4045 2248 4122 instanciam,
2309 4043 2425 4108 sed
2499 4043 2582 4107 de
2659 4050 2884 4107 nostra
2963 4065 3142 4108 mera

1021 4223 1035 4244 ·
1129 4145 1544 4224 liberalitate,
1576 4147 1910 4228 unionem,
1953 4137 2391 4212 annexionem
2438 4151 2507 4212 et
2549 4147 3138 4232 incorporacionem

1126 4247 1523 4327 huiusmodi,
1581 4255 1652 4315 et
1711 4273 2096 4338 quecunque
2153 4256 2398 4327 secuta,
2455 4260 2595 4316 rata
2683 4249 2998 4315 habentes
3071 4257 3141 4315 et

1122 4358 1333 4438 grata,
1391 4354 1525 4432 illa,
1584 4357 1997 4422 Auctoritate
2057 4354 2437 4441 Apostolica
2496 4375 2572 4417 ex
2633 4359 2808 4418 certa
2865 4354 3140 4418 scientia

1121 4457 1579 4522 confirmamus
1610 4462 1679 4522 et
1722 4459 2045 4544 presentis
2092 4458 2319 4543 scripti
2367 4457 2732 4543 patrocinio
2779 4457 3137 4521 communi-

1122 4584 1311 4627 mus:
1355 4561 1737 4647 supplentes
1789 4561 2019 4626 eadem
2073 4561 2490 4627 Auctoritate
2538 4558 2854 4634 defectus,
2907 4560 2964 4624 si
3018 4561 3133 4646 qui

1120 4667 1522 4731 intraverint
1550 4667 1617 4730 in
1653 4665 1898 4730 eisdem
1945 4664 2533 4731 constitucionibus
2585 4669 2653 4728 et
2704 4662 3136 4728 ordinacioni-

1119 4769 1243 4833 bus
1314 4769 1705 4855 apostolicis,
1759 4777 1827 4834 et
1897 4769 2047 4834 aliis
2121 4769 2466 4834 contrariis
2525 4788 2660 4831 non
2720 4766 3138 4832 obstantibus

1119 4871 1635 4958 quibuscunque.
1696 4872 1930 4950 Tenor,
1954 4894 2132 4950 vem,
2164 4871 2489 4936 dictarum
2513 4871 2886 4935 litterarum
2920 4871 3136 4954 sequi-

706 2260 774 2311 ἕο.
806 2263 913 2313 133.
