3731 6032
964 3437 1055 3486 11.

838 3703 901 3752 so.
934 3703 1007 3752 ³0.

2217 1020 2298 1079 40

1246 1178 1521 1245 licencia
1592 1177 1865 1243 minime
1951 1176 2291 1262 requisita,
2357 1176 2592 1253 facere,
2663 1173 3250 1242 constitutionibus

1241 1278 1557 1369 'predictis
1614 1286 1687 1347 et
1730 1280 1880 1345 aliis
1938 1280 2279 1345 contrariis
2337 1300 2751 1365 nequaquam
2811 1278 3252 1351 obstantibus,

1246 1384 1450 1451 libere
1510 1389 1580 1450 et
1630 1384 1811 1450 licite
1871 1384 2186 1459 valerent,
2245 1383 2656 1449 Auctoritate
2715 1380 3111 1468 Apostolica,
3171 1380 3254 1443 de

1244 1487 1544 1575 specialis
1618 1488 1791 1553 dono
1862 1487 2098 1573 gracie,
2171 1492 2398 1552 tenore
2479 1486 2893 1572 quarundam
2969 1484 3251 1549 aliarum

1244 1591 1617 1657 litterarum
1668 1594 2068 1669 nostrarum,
2094 1590 2508 1656 indulsimus,
2599 1590 2939 1671 Quocirca,
2983 1588 3248 1652 Discre-

1245 1695 1411 1760 tioni
1499 1693 1735 1760 Vestre
1823 1716 1942 1780 per
2029 1693 2412 1780 Apostolica
2505 1694 2755 1779 scripta
2843 1691 3250 1767 mandamus,

1243 1795 1556 1883 quatinus
1587 1818 1721 1873 vos,
1768 1796 1872 1862 vel
1917 1800 2067 1872 duc,
2110 1802 2229 1863 aut
2259 1818 2433 1861 unus
2465 1802 2760 1861 vestrum
2809 1816 2926 1882 per
2957 1818 3097 1870 voe,
3143 1795 3250 1860 vel

1243 1899 1450 1966 alium
1480 1920 1595 1965 seu
1622 1900 1805 1977 alios,
1835 1900 2044 1965 dictos
2086 1900 2416 1965 Abbatem
2449 1905 2519 1965 et
2549 1899 2990 1974 Conventum,
3019 1905 3251 1964 contra

1242 2002 1623 2069 huiusmodi
1681 2004 2113 2069 concessionis
2186 2012 2408 2068 nostre
2481 2008 2777 2069 tenorem
2850 2002 3040 2087 [non]
3101 2023 3248 2088 per-

1242 2108 1531 2173 mittatis
1604 2128 1721 2194 per
1792 2106 2000 2171 dictos
2075 2106 2462 2171 Ordinarios
2537 2105 2646 2171 vel
2721 2108 2994 2185 quosvis
3067 2106 3250 2183 alios,

1242 2210 1739 2299 quomodolibet
1808 2210 2162 2287 molestari,
2235 2230 2362 2274 non
2447 2209 2867 2275 obstantibus
2940 2209 3248 2274 omnibus

1244 2314 1675 2399 supradictis;
1734 2336 1872 2389 seu,
1927 2315 1986 2378 si
2039 2314 2284 2379 eisdem
2361 2313 2749 2387 Ordinariis,
2805 2312 2911 2377 vel
2979 2312 3244 2397 quibus-

1248 2420 1351 2483 vis
1379 2420 1544 2493 aliis,
1583 2418 2020 2484 communiter
2067 2417 2169 2482 vel
2211 2417 2500 2492 divisim,
2539 2436 2580 2481 a
2623 2416 2922 2502 predicta
2959 2417 3051 2481 sit
3079 2416 3249 2481 Sede

1248 2521 1609 2596 indultum,
1638 2520 1817 2606 quod
1846 2520 2178 2598 interdici,
2205 2520 2522 2606 suspendi
2549 2520 2653 2585 vel
2696 2519 3248 2586 ezicommunicari

1246 2645 1379 2690 non
1427 2628 1720 2710 possunt,
1770 2646 1895 2709 per
1943 2623 2199 2689 litteras
2264 2623 2690 2707 Apostolicas,
2748 2644 2883 2689 non
2931 2622 3250 2688 facientes

1244 2726 1508 2813 plenam
1564 2732 1636 2792 et
1694 2748 2065 2812 expressam
2140 2748 2217 2793 ac
2290 2726 2373 2791 de
2432 2726 2633 2791 verbo
2691 2726 2776 2791 ad
2837 2726 3108 2791 verbum
3170 2724 3251 2790 de

1244 2830 1515 2897 Indulto
1572 2828 1952 2895 huiusmodi
2012 2830 2434 2906 mencionem,
2493 2829 3023 2905 contradictores,
3083 2832 3248 2893 Auc-

1240 2935 1509 3000 toritate
1542 2934 1809 3013 Nostra,
1851 2933 2299 3020 appellacione
2343 2935 2731 3020 postposita,
2761 2932 3249 3020 compescendo.

1242 3039 1491 3104 Datum
1525 3039 1778 3117 Ianue3
1824 3038 1940 3102 XI.
1990 3037 2326 3104 Kalendas
2371 3037 2771 3115 Decembris,
2813 3037 3251 3103 Pontificatus

1244 3141 1477 3208 Nostri
1505 3163 1682 3207 anno
1712 3162 1908 3207 nono.

1247 3396 1459 3465 Bulla
1484 3395 1795 3482 yraciosa
1828 3418 1960 3482 pro
2001 3395 2230 3478 firmis
2271 3395 2630 3462 tradendis
2673 3395 2919 3482 absque
2963 3397 3251 3464 licencia

1977 3497 2546 3568 ordinariorum.

1334 3663 1649 3730 Urbanus
1694 3663 2073 3750 Episcopus,
2115 3684 2348 3728 servus
2392 3685 2730 3728 servorum
2775 3663 2927 3737 Dei,
2971 3663 3252 3730 Dilectis

1244 3769 1418 3844 filiis,
1477 3767 1725 3832 Abbati
1785 3772 1855 3831 et
1911 3766 2290 3832 Conventui
2343 3766 2732 3832 Monasterii
2793 3767 2874 3832 de
2921 3767 3250 3853 Wyncbe-

1242 3872 1471 3939 combe
1582 3871 1851 3936 Ordinis
1963 3870 2191 3936 Sancti
2312 3869 2680 3948 Benedicti,
2771 3871 3248 3957 wigorniensis

1243 3975 1607 4051 Dioceseos,
1665 3974 1992 4039 salutem.1

1307 4141 1326 4173 ¹
1358 4143 1467 4192 'the
1500 4142 1758 4206 foregoing
1790 4141 1924 4200 Bull,
1951 4145 2154 4191 mutatis
2176 4142 2527 4202 “mutandis''
2563 4147 2654 4202 i.e.‚
2679 4141 2710 4166 “
2727 4143 2945 4192 looentar
2975 4157 3059 4191 eeu
3090 4159 3248 4194 conoe-

1239 4225 1422 4277 dentur
1440 4223 1469 4246 ”
1516 4225 1595 4274 for
1640 4223 1960 4273 “locarentur
2002 4239 2085 4272 seu
2140 4223 2511 4273 concederentur
2530 4223 2584 4284 ”5
2643 4225 2671 4249 ‘⁸
2689 4232 2840 4274 vestro
2862 4226 2890 4245 '⁹
2945 4225 3026 4273 for
3070 4225 3100 4248 ‘⁸
3118 4225 3255 4275 dicto

1240 4307 1545 4358 nonasterio
1564 4303 1622 4365 '⁹3
1645 4304 1896 4368 “faciatis
1915 4305 1943 4325 ’⁹
1967 4304 2046 4352 for
2061 4304 2093 4327 ‘⁸
2113 4303 2328 4362 sacmut
2344 4302 2375 4326 '⁹
2397 4319 2410 4362 ;
2439 4307 2472 4330 “
2485 4305 2682 4368 ponitis
2703 4303 2738 4326 '⁹
2761 4306 2842 4354 for
2863 4307 2893 4331 “
2907 4309 3095 4368 possint
3112 4307 3249 4369 quod

1240 4390 1377 4440 cedit
1396 4390 1453 4443 ”;
1502 4387 1636 4437 after
1667 4389 1699 4414 ‘⁴
1720 4387 1888 4446 Quare
1909 4401 2000 4448 pro
2023 4385 2212 4448 parte,”
2237 4385 2268 4410 ⁴⁸
2285 4394 2443 4435 vestm
2461 4387 2492 4408 '⁹
2523 4387 2606 4436 for
2627 4387 2657 4411 ‘⁴
2685 4387 2927 4436 dictorum
2953 4389 3006 4436 A.
3033 4394 3088 4436 et
3111 4387 3209 4438 C.'’
3234 4405 3248 4448 3

1242 4468 1465 4522 “vobis'’
1502 4470 1582 4519 for
1616 4471 1649 4496 “
1672 4465 1876 4531 iptis'';
1915 4466 2203 4530 “ponitis”
2236 4468 2316 4518 for
2349 4467 2380 4492 ‘⁸
2401 4468 2589 4531 possint
2610 4466 2666 4528 ”3
2702 4469 2733 4494 “
2755 4467 3014 4518 Devott‘mu:
3047 4478 3196 4520 vestre
3218 4472 3249 4492 ”

1239 4554 1319 4604 for
1366 4553 1397 4578 ‘⁴
1410 4551 1621 4616 prefatis
1674 4551 1736 4598 Δ.
1780 4555 1825 4599 et
1883 4548 1938 4599 (2¹.
1957 4547 2010 4607 '';
2068 4549 2324 4599 “vestr-am
2351 4549 2382 4572 '⁹
2437 4550 2517 4600 for
2574 4554 2604 4577 ‘⁴
2623 4565 2764 4600 ruam
2819 4551 3245 4610 condicionem”;

1241 4637 1271 4662 ‘⁶
1290 4631 1540 4684 ναὶιαιίε”
1575 4631 1654 4682 for
1685 4631 1944 4679 “valerent
1964 4631 1992 4650 '⁹
2015 4648 2030 4688 ς
2063 4632 2097 4656 “
2117 4634 2424 4694 presencium
2449 4633 2477 4653 ''
2511 4631 2591 4681 {or
2624 4633 2655 4656 “
2676 4632 2990 4696 quarundam
3025 4633 3244 4683 aliarum

1237 4716 1517 4767 litterarum
1535 4715 1563 4736 ⁰⁹
1585 4728 1598 4773 3
1625 4714 1657 4738 “
1672 4712 2024 4774 indulqemut'·
2047 4713 2127 4761 for
2149 4715 2180 4741 ⁰⁸
2197 4712 2550 4763 indulsimus.”
2620 4713 2720 4764 For
2751 4716 2786 4741 ‘⁶
2809 4713 3247 4773 Quocirca—com·

1236 4795 1517 4864 parer-dos·
1566 4795 1596 4821 “
1616 4793 1781 4851 Num,
1826 4809 1954 4856 erqo,
1997 4791 2269 4853 hommum,
2313 4793 2509 4853 leoena*
2555 4795 2646 4844 the
2699 4795 2846 4846 usiial
2895 4796 3245 4846 ecclesiastica

1238 4879 1478 4944 warning.
1546 4877 1654 4927 'l'lxe
1676 4877 1795 4927 date
1816 4891 1873 4926 as
1895 4877 2065 4926 above.
