3731 6032
1705 976 1917 1035 lxxxv.

650 1152 1017 1232 Compoeioio
1043 1154 1203 1213 inter
1225 1152 1537 1212 dominum
1562 1152 1862 1212 Abbatem
1895 1152 2383 1232 Wyneheoumbe
2410 1161 2475 1215 et

809 1250 1111 1310 dominam
1144 1248 1515 1309 Abbatiesam
1542 1250 1619 1309 do
1646 1249 2070 1311 Polleswortho
2096 1269 2206 1329 pro
2229 1251 2476 1311 decimis

806 1347 883 1406 do
917 1346 1321 1424 Aldmyntone
1348 1347 1423 1406 de
1450 1347 1657 1407 eadem
1685 1346 1978 1425 obligaoio
2003 1350 2168 1409 faeta.
2550 1348 2687 1408 dxx.

646 1445 742 1506 Ut
764 1446 1044 1505 dominus
1070 1444 1275 1503 Abbas
1301 1442 1778 1522 Wynoheoombo
1804 1447 1994 1523 poenit
2021 1446 2240 1506 habere
2265 1445 2474 1505 Altam

805 1540 1098 1621 portabile
2109 1576 2130 1585 -
2452 1576 2471 1585 -
2552 1541 2712 1602 dxxi.

648 1640 965 1700 statutum
993 1642 1151 1699 inter
1181 1638 1613 1699 Monasterium
1646 1638 2134 1717 Wynohooumbe
2153 1652 2214 1699 et
2239 1639 2474 1700 Monae-
2695 1650 2704 1657 ·

808 1738 1028 1798 terium
1056 1736 1371 1797 Coventrie
1418 1770 1441 1781 -
2109 1771 2130 1781 -
2453 1770 2474 1781 -
2553 1736 2731 1796 dxxii.

642 1834 825 1895 Carta
849 1834 1165 1893 indentata
1195 1834 1485 1893 willelmi
1512 1834 1579 1893 01
1585 1834 1814 1912 yfforde
1841 1852 1952 1913 pro
1980 1833 2361 1914 3aneworthe
2412 1856 2418 1863 ·
2447 1868 2466 1878 -
2550 1834 2749 1893 dxxiii.

644 1932 737 1991 Do
762 1932 1009 1991 decimis
1033 1932 1109 1991 de
1144 1930 1311 1991 Alne.
1398 1931 1697 1990 Honorius
1728 1932 1891 2009 Papa
1918 1932 2162 1990 'Porcius
2449 1962 2470 1973 ·
2553 1930 2752 1989 dxxiv.

644 2029 1010 2108 Gompooioio
1034 2028 1109 2087 de
1138 2028 1421 2105 Stanleye
1446 2036 1511 2087 et
1538 2028 1836 2087 Greatono
2099 2060 2122 2073 -
2443 2060 2465 2071 -
2543 2026 2719 2091 dxxv.

644 2126 825 2187 carta
852 2126 1126 2184 Edwardi
1158 2126 1337 2202 Regis
1363 2144 1472 2203 pro
1498 2126 1672 2185 terris
1701 2124 1984 2185 Iohannis
2013 2124 2347 2184 Nawntone
2448 2157 2469 2167 ·
2546 2122 2769 2183 dxxvii.

646 2224 958 2283 Relaxaeio
986 2223 1230 2282 Roberti
1263 2223 1407 2282 Peri>
1432 2241 1539 2301 pro
1566 2223 1741 2282 terris
1771 2222 2054 2283 Iohannis
2087 2222 2144 2282 N
2146 2228 2421 2282 awntone
2449 2254 2480 2265 --
2548 2220 2795 2279 dxxviii.

646 2322 974 2381 Recordam
1000 2321 1076 2379 de
1104 2322 1366 2380 manerio
1390 2321 1465 2380 de
1495 2320 1721 2397 Eyoote
1760 2355 1783 2364 -
2105 2355 2124 2365 ·
2451 2354 2470 2364 -
2552 2318 2744 2377 dxxix.

646 2418 830 2480 Carta
857 2418 1145 2478 Iohannis
1178 2419 1401 2478 Astone
1430 2418 1503 2477 de
1534 2416 2014 2495 Wynohooombe
2099 2451 2120 2463 -
2447 2448 2464 2459 ·
2547 2414 2717 2474 dxxx.

646 2517 846 2578 Libera
872 2518 1301 2577 attornaoionis
1326 2516 1402 2576 de
1430 2516 1605 2575 terris
1640 2515 1922 2575 Iohannis
1951 2518 2179 2576 Astono
2451 2548 2472 2557 -
2551 2513 2747 2573 dxxxi.

644 2614 825 2675 Carta
853 2614 1109 2674 Abbatis
1135 2614 1211 2673 de
1240 2613 1487 2673 Brueria
1762 2647 1779 2655 -
2107 2648 2127 2657 -
2452 2646 2473 2655 -
2552 2610 2768 2670 dxxxii.

644 2712 827 2771 Carta
852 2711 1077 2769 domini
1107 2711 1287 2788 Regis
1312 2729 1422 2789 pro
1450 2710 1760 2771 Corndene
2107 2746 2128 2755 -
2453 2742 2472 2751 -
2553 2707 2792 2767 dxxxiii.

644 2808 869 2869 contra
895 2809 1204 2869 Vioarium
1231 2809 1306 2868 de
1336 2808 1757 2869 Kinewartone
2113 2844 2132 2852 -
2457 2840 2476 2850 -
2556 2805 2794 2864 dxxxiv.

643 2907 828 2966 Carta
852 2906 927 2967 de
944 2907 1447 2975 ,Brodemorstone
1758 2941 1769 2951 ·
2106 2939 2126 2948 -
2450 2937 2471 2946 -
2549 2903 2772 2962 dxxxv.

643 3004 828 3068 Carta
856 3004 1139 3064 Iohannis
1166 3005 1476 3066 Attewode
1502 3006 1579 3066 do
1606 3006 1757 3064 Alne
2099 3037 2120 3048 -
2443 3035 2466 3046 ·
2546 2999 2791 3060 dxxxvi.

644 3101 1005 3162 Humfridus
1046 3103 1337 3181 Hayford‚
1372 3103 1577 3175 Maior,
1623 3103 2010 3179 concerninge
2051 3121 2090 3160 a
2130 3118 2470 3180 noysaunoe

806 3201 869 3259 in
900 3201 1003 3260 tho
1030 3200 1231 3279 parish
1257 3202 1321 3260 of
1360 3201 1551 3278 Seynt
1586 3200 1777 3278 Bryde
1804 3201 1867 3258 in
1896 3199 2253 3259 Fletestrete
2453 3231 2474 3241 -
2556 3198 2672 3256 507

646 3299 695 3358 A
728 3299 966 3358 ohan-ter
994 3299 1251 3358 without.
1278 3298 1382 3359 tho
1410 3297 1660 3357 Donor'e
1691 3316 1868 3356 name
1896 3316 1964 3355 or
1988 3298 2107 3374 gift
2451 3327 2472 3340 -
2555 3294 2674 3354 508

641 3395 993 3473 Reoognioio
1022 3397 1275 3456 Pet-sone
1302 3397 1377 3456 de
1405 3396 1707 3455 Staunton
1736 3395 1810 3454 de
1838 3403 2088 3472 pastura
2444 3427 2466 3439 ·
2568 3387 2714 3472 509]
