<?xml version="1.0" encoding="UTF-8"?>
<!DOCTYPE html PUBLIC "-//W3C//DTD XHTML 1.0 Transitional//EN"
    "http://www.w3.org/TR/xhtml1/DTD/xhtml1-transitional.dtd">
<html xmlns="http://www.w3.org/1999/xhtml" xml:lang="en" lang="en">
 <head>
  <title>
</title>
<meta http-equiv="Content-Type" content="text/html;charset=utf-8" />
  <meta name='ocr-system' content='tesseract 3.04.00' />
  <meta name='ocr-capabilities' content='ocr_page ocr_carea ocr_par ocr_line ocrx_word'/>
</head>
<body>
  <div class='ocr_page' id='page_1' title='image "./landboc00bazegoog_0176.png"; bbox 0 0 3731 6032; ppageno 0'>
   <div class='ocr_carea' id='block_1_1' title="bbox 2141 966 2232 1029">
    <p class='ocr_par' dir='ltr' id='par_1_1' title="bbox 2141 966 2232 1029">
     <span class='ocr_line' id='line_1_1' title="bbox 2141 966 2232 1029; baseline 0.011 -1"><span class='ocrx_word' id='word_1_1' title='bbox 2141 966 2232 1029; x_wconf 88' lang='grc'><strong>80</strong></span> 
     </span>
    </p>
   </div>
   <div class='ocr_carea' id='block_1_2' title="bbox 741 1124 3188 2039">
    <p class='ocr_par' dir='ltr' id='par_1_2' title="bbox 741 1124 3188 2039">
     <span class='ocr_line' id='line_1_2' title="bbox 1171 1124 3184 1213; baseline -0 -21"><span class='ocrx_word' id='word_1_2' title='bbox 1171 1124 1384 1193; x_wconf 87' lang='lat' dir='ltr'><strong>officio</strong></span> <span class='ocrx_word' id='word_1_3' title='bbox 1439 1126 1825 1213; x_wconf 77' lang='lat' dir='ltr'>propensius</span> <span class='ocrx_word' id='word_1_4' title='bbox 1877 1124 2150 1209; x_wconf 87' lang='lat' dir='ltr'><strong>diligere</strong></span> <span class='ocrx_word' id='word_1_5' title='bbox 2193 1126 2556 1201; x_wconf 84' lang='lat' dir='ltr'><strong>consuevit,</strong></span> <span class='ocrx_word' id='word_1_6' title='bbox 2586 1130 2656 1190; x_wconf 88' lang='lat' dir='ltr'><strong>et</strong></span> <span class='ocrx_word' id='word_1_7' title='bbox 2699 1145 2782 1190; x_wconf 89' lang='lat' dir='ltr'><strong>ne</strong></span> <span class='ocrx_word' id='word_1_8' title='bbox 2827 1145 3184 1211; x_wconf 84' lang='lat' dir='ltr'><strong>pravorum</strong></span> 
     </span>
     <span class='ocr_line' id='line_1_3' title="bbox 1170 1228 3178 1314; baseline 0 -21"><span class='ocrx_word' id='word_1_9' title='bbox 1170 1228 1513 1295; x_wconf 89' lang='lat' dir='ltr'><strong>hominum</strong></span> <span class='ocrx_word' id='word_1_10' title='bbox 1556 1228 1875 1295; x_wconf 85' lang='lat' dir='ltr'><strong>molestiis</strong></span> <span class='ocrx_word' id='word_1_11' title='bbox 1905 1229 2262 1313; x_wconf 76' lang='lat' dir='ltr'><strong>agitentur,</strong></span> <span class='ocrx_word' id='word_1_12' title='bbox 2291 1249 2421 1305; x_wconf 89' lang='lat' dir='ltr'><strong>eos,</strong></span> <span class='ocrx_word' id='word_1_13' title='bbox 2451 1232 2772 1314; x_wconf 79' lang='lat' dir='ltr'><strong>tanquam</strong></span> <span class='ocrx_word' id='word_1_14' title='bbox 2809 1228 2924 1314; x_wconf 91' lang='lat' dir='ltr'><strong>pia</strong></span> <span class='ocrx_word' id='word_1_15' title='bbox 2951 1237 3178 1308; x_wconf 79' lang='lat' dir='ltr'><strong>mater,</strong></span> 
     </span>
     <span class='ocr_line' id='line_1_4' title="bbox 1168 1329 3184 1419; baseline -0 -21"><span class='ocrx_word' id='word_1_16' title='bbox 1168 1354 1287 1398; x_wconf 88' lang='lat' dir='ltr'><strong>sue</strong></span> <span class='ocrx_word' id='word_1_17' title='bbox 1366 1333 1794 1419; x_wconf 82' lang='lat' dir='ltr'><strong>protectionis</strong></span> <span class='ocrx_word' id='word_1_18' title='bbox 1884 1332 2252 1397; x_wconf 82' lang='lat' dir='ltr'><strong>munimine</strong></span> <span class='ocrx_word' id='word_1_19' title='bbox 2332 1329 2702 1397; x_wconf 81' lang='lat' dir='ltr'><strong>confovere.</strong></span> <span class='ocrx_word' id='word_1_20' title='bbox 2792 1331 3184 1417; x_wconf 85' lang='lat' dir='ltr'><strong>Eapropter,</strong></span> 
     </span>
     <span class='ocr_line' id='line_1_5' title="bbox 1172 1433 3188 1521; baseline 0.001 -21"><span class='ocrx_word' id='word_1_21' title='bbox 1172 1435 1395 1503; x_wconf 86' lang='lat' dir='ltr'><strong>dilecti</strong></span> <span class='ocrx_word' id='word_1_22' title='bbox 1447 1437 1519 1500; x_wconf 91' lang='lat' dir='ltr'><strong>in</strong></span> <span class='ocrx_word' id='word_1_23' title='bbox 1568 1436 1853 1502; x_wconf 87' lang='lat' dir='ltr'><strong>Domino</strong></span> <span class='ocrx_word' id='word_1_24' title='bbox 1903 1434 2045 1511; x_wconf 90' lang='lat' dir='ltr'><strong>filii,</strong></span> <span class='ocrx_word' id='word_1_25' title='bbox 2088 1435 2324 1500; x_wconf 82' lang='lat' dir='ltr'><strong>vestris</strong></span> <span class='ocrx_word' id='word_1_26' title='bbox 2373 1436 2568 1500; x_wconf 82' lang='lat' dir='ltr'><strong>iustis</strong></span> <span class='ocrx_word' id='word_1_27' title='bbox 2615 1433 3188 1521; x_wconf 66' lang='lat' dir='ltr'><strong>postulat-,ionibus</strong></span> 
     </span>
     <span class='ocr_line' id='line_1_6' title="bbox 1170 1538 3180 1626; baseline -0 -20"><span class='ocrx_word' id='word_1_28' title='bbox 1170 1544 1360 1626; x_wconf 87' lang='lat' dir='ltr'><strong>grato</strong></span> <span class='ocrx_word' id='word_1_29' title='bbox 1402 1544 1860 1606; x_wconf 70' lang='lat' dir='ltr'><strong>concurrentes</strong></span> <span class='ocrx_word' id='word_1_30' title='bbox 1904 1560 2192 1614; x_wconf 78' lang='lat' dir='ltr'><strong>assensu,</strong></span> <span class='ocrx_word' id='word_1_31' title='bbox 2231 1559 2542 1625; x_wconf 80' lang='lat' dir='ltr'><strong>personas</strong></span> <span class='ocrx_word' id='word_1_32' title='bbox 2586 1544 2656 1603; x_wconf 90' lang='lat' dir='ltr'><strong>et</strong></span> <span class='ocrx_word' id='word_1_33' title='bbox 2701 1538 3180 1605; x_wconf 73' lang='lat' dir='ltr'><strong>Mona-sterium</strong></span> 
     </span>
     <span class='ocr_line' id='line_1_7' title="bbox 741 1641 3182 1734; baseline 0 -27"><span class='ocrx_word' id='word_1_34' title='bbox 741 1671 851 1719; x_wconf 79' lang='lat' dir='ltr'><strong>&#39;rho</strong></span> <span class='ocrx_word' id='word_1_35' title='bbox 872 1670 1009 1734; x_wconf 76' lang='lat' dir='ltr'><strong>P⁰1&gt;0</strong></span> <span class='ocrx_word' id='word_1_36' title='bbox 1171 1648 1461 1708; x_wconf 84' lang='lat' dir='ltr'><strong>vestrum</strong></span> <span class='ocrx_word' id='word_1_37' title='bbox 1534 1664 1686 1709; x_wconf 90' lang='lat' dir='ltr'><strong>cum</strong></span> <span class='ocrx_word' id='word_1_38' title='bbox 1759 1641 2064 1708; x_wconf 90' lang='lat' dir='ltr'><strong>omnibus</strong></span> <span class='ocrx_word' id='word_1_39' title='bbox 2137 1642 2345 1718; x_wconf 90' lang='lat' dir='ltr'><strong>bonis,</strong></span> <span class='ocrx_word' id='word_1_40' title='bbox 2420 1663 2548 1727; x_wconf 89' lang='lat' dir='ltr'><strong>que</strong></span> <span class='ocrx_word' id='word_1_41' title='bbox 2622 1642 3182 1727; x_wconf 86' lang='lat' dir='ltr'><strong>inpresenciarum</strong></span> 
     </span>
     <span class='ocr_line' id='line_1_8' title="bbox 742 1736 3184 1850; baseline -0 -38"><span class='ocrx_word' id='word_1_42' title='bbox 742 1736 1081 1850; x_wconf 50' lang='grc' dir='ltr'><strong>ξῑῗθξὲῧξῗ</strong></span> <span class='ocrx_word' id='word_1_43' title='bbox 1168 1746 1656 1812; x_wconf 69' lang='lat' dir='ltr'><strong>racionabiliter</strong></span> <span class='ocrx_word' id='word_1_44' title='bbox 1700 1745 2010 1833; x_wconf 80' lang='lat' dir='ltr'><strong>possidet,</strong></span> <span class='ocrx_word' id='word_1_45' title='bbox 2055 1750 2174 1810; x_wconf 88' lang='lat' dir='ltr'><strong>aut</strong></span> <span class='ocrx_word' id='word_1_46' title='bbox 2221 1746 2294 1809; x_wconf 93' lang='lat' dir='ltr'><strong>in</strong></span> <span class='ocrx_word' id='word_1_47' title='bbox 2334 1745 2638 1810; x_wconf 84' lang='lat' dir='ltr'><strong>futurum</strong></span> <span class='ocrx_word' id='word_1_48' title='bbox 2691 1746 2884 1809; x_wconf 86' lang='lat' dir='ltr'><strong>iustis</strong></span> <span class='ocrx_word' id='word_1_49' title='bbox 2943 1746 3184 1823; x_wconf 87' lang='lat' dir='ltr'><strong>modis,</strong></span> 
     </span>
     <span class='ocr_line' id='line_1_9' title="bbox 742 1838 3184 1941; baseline 0.001 -28"><span class='ocrx_word' id='word_1_50' title='bbox 742 1838 843 1913; x_wconf 53' lang='lat' dir='ltr'><strong>and</strong></span> <span class='ocrx_word' id='word_1_51' title='bbox 898 1866 977 1941; x_wconf 57' lang='lat' dir='ltr'><strong>bip</strong></span> <span class='ocrx_word' id='word_1_52' title='bbox 1030 1880 1140 1914; x_wconf 76' lang='lat' dir='ltr'><strong>own</strong></span> <span class='ocrx_word' id='word_1_53' title='bbox 1168 1855 1505 1935; x_wconf 79' lang='lat' dir='ltr'><strong>prestante</strong></span> <span class='ocrx_word' id='word_1_54' title='bbox 1533 1850 1841 1927; x_wconf 91' lang='lat' dir='ltr'><strong>Domino,</strong></span> <span class='ocrx_word' id='word_1_55' title='bbox 1872 1850 2117 1936; x_wconf 85' lang='lat' dir='ltr'><strong>poterit</strong></span> <span class='ocrx_word' id='word_1_56' title='bbox 2155 1849 2448 1936; x_wconf 82' lang='lat' dir='ltr'><strong>adipisci,</strong></span> <span class='ocrx_word' id='word_1_57' title='bbox 2477 1847 2603 1913; x_wconf 87' lang='lat' dir='ltr'><strong>sub</strong></span> <span class='ocrx_word' id='word_1_58' title='bbox 2647 1848 2837 1915; x_wconf 86' lang='lat' dir='ltr'><strong>Beati</strong></span> <span class='ocrx_word' id='word_1_59' title='bbox 2885 1849 3064 1914; x_wconf 86' lang='lat' dir='ltr'><strong>Petri</strong></span> <span class='ocrx_word' id='word_1_60' title='bbox 3111 1854 3184 1915; x_wconf 86' lang='lat' dir='ltr'><strong>et</strong></span> 
     </span>
     <span class='ocr_line' id='line_1_10' title="bbox 742 1930 3175 2039; baseline 0 -22"><span class='ocrx_word' id='word_1_61' title='bbox 742 1930 1143 1993; x_wconf 62' lang='lat' dir='ltr'><strong>9¹⁰⁹⁰⁰⁶¹⁰¹¹&#39;⁸¹²d</strong></span> <span class='ocrx_word' id='word_1_62' title='bbox 1170 1952 1417 2018; x_wconf 83' lang='lat' dir='ltr'><strong>Nostra</strong></span> <span class='ocrx_word' id='word_1_63' title='bbox 1474 1954 1880 2039; x_wconf 88' lang='lat' dir='ltr'><strong>protectione</strong></span> <span class='ocrx_word' id='word_1_64' title='bbox 1951 1952 2381 2039; x_wconf 86' lang='lat' dir='ltr'><strong>suscipimus;</strong></span> <span class='ocrx_word' id='word_1_65' title='bbox 2465 1952 2861 2037; x_wconf 83' lang='lat' dir='ltr'><strong>specialiter,</strong></span> <span class='ocrx_word' id='word_1_66' title='bbox 2924 1961 3175 2031; x_wconf 86' lang='lat' dir='ltr'><strong>autem,</strong></span> 
     </span>
    </p>
   </div>
   <div class='ocr_carea' id='block_1_3' title="bbox 740 1994 3176 2143">
    <p class='ocr_par' dir='ltr' id='par_1_3' title="bbox 740 1994 3176 2143">
     <span class='ocr_line' id='line_1_11' title="bbox 740 1994 3176 2143; baseline 0.001 -24"><span class='ocrx_word' id='word_1_67' title='bbox 740 1994 1146 2109; x_wconf 40' lang='lat' dir='ltr'><strong>*eggan-aggaeus}</strong></span> <span class='ocrx_word' id='word_1_68' title='bbox 1166 2060 1374 2121; x_wconf 86' lang='lat' dir='ltr'><strong>terras</strong></span> <span class='ocrx_word' id='word_1_69' title='bbox 1404 2055 1529 2139; x_wconf 88' lang='lat' dir='ltr'><strong>[et]</strong></span> <span class='ocrx_word' id='word_1_70' title='bbox 1564 2056 1998 2143; x_wconf 69' lang='lat' dir='ltr'><strong>possessiones</strong></span> <span class='ocrx_word' id='word_1_71' title='bbox 2041 2054 2445 2120; x_wconf 85' lang='lat' dir='ltr'><strong>Monasterio</strong></span> <span class='ocrx_word' id='word_1_72' title='bbox 2491 2059 2708 2120; x_wconf 86' lang='lat' dir='ltr'><strong>vestro</strong></span> <span class='ocrx_word' id='word_1_73' title='bbox 2751 2078 2794 2120; x_wconf 89' lang='lat' dir='ltr'><strong>a</strong></span> <span class='ocrx_word' id='word_1_74' title='bbox 2838 2054 3176 2141; x_wconf 85' lang='lat' dir='ltr'><strong>quondam</strong></span> 
     </span>
    </p>
   </div>
   <div class='ocr_carea' id='block_1_4' title="bbox 736 2125 3214 3384">
    <p class='ocr_par' dir='ltr' id='par_1_4' title="bbox 736 2125 3214 3384">
     <span class='ocr_line' id='line_1_12' title="bbox 740 2125 3173 2254; baseline -0 -29"><span class='ocrx_word' id='word_1_75' title='bbox 740 2125 1143 2254; x_wconf 41' lang='lat' dir='ltr'><strong>masmana</strong></span> <span class='ocrx_word' id='word_1_76' title='bbox 1168 2159 1423 2245; x_wconf 86' lang='lat' dir='ltr'><strong>Rogero</strong></span> <span class='ocrx_word' id='word_1_77' title='bbox 1479 2159 1560 2224; x_wconf 91' lang='lat' dir='ltr'><strong>de</strong></span> <span class='ocrx_word' id='word_1_78' title='bbox 1614 2158 1826 2226; x_wconf 85' lang='lat' dir='ltr'><strong>Solers</strong></span> <span class='ocrx_word' id='word_1_79' title='bbox 1869 2161 1982 2245; x_wconf 85' lang='lat' dir='ltr'><strong>pia</strong></span> <span class='ocrx_word' id='word_1_80' title='bbox 2025 2158 2422 2224; x_wconf 85' lang='lat' dir='ltr'><strong>liberalitate</strong></span> <span class='ocrx_word' id='word_1_81' title='bbox 2467 2159 2759 2235; x_wconf 74' lang='lat' dir='ltr'><strong>collatae,</strong></span> <span class='ocrx_word' id='word_1_82' title='bbox 2787 2180 3044 2224; x_wconf 88' lang='lat' dir='ltr'><strong>necnon</strong></span> <span class='ocrx_word' id='word_1_83' title='bbox 3088 2157 3173 2224; x_wconf 87' lang='lat' dir='ltr'><strong>de</strong></span> 
     </span>
     <span class='ocr_line' id='line_1_13' title="bbox 739 2255 3174 2369; baseline -0.002 -36"><span class='ocrx_word' id='word_1_84' title='bbox 739 2255 1006 2369; x_wconf 52' lang='grc' dir='ltr'><strong>ΞΡΘΟῙΨΥ</strong></span> <span class='ocrx_word' id='word_1_85' title='bbox 1072 2319 1107 2367; x_wconf 71' lang='lat' dir='ltr'>b</span> <span class='ocrx_word' id='word_1_86' title='bbox 1166 2262 1554 2329; x_wconf 81' lang='lat' dir='ltr'><strong>Cherletona</strong></span> <span class='ocrx_word' id='word_1_87' title='bbox 1611 2268 1680 2328; x_wconf 88' lang='lat' dir='ltr'><strong>et</strong></span> <span class='ocrx_word' id='word_1_88' title='bbox 1730 2264 1813 2327; x_wconf 90' lang='lat' dir='ltr'><strong>de</strong></span> <span class='ocrx_word' id='word_1_89' title='bbox 1859 2261 2203 2349; x_wconf 87' lang='lat' dir='ltr'><strong>Poteslepe</strong></span> <span class='ocrx_word' id='word_1_90' title='bbox 2262 2261 2581 2347; x_wconf 74' lang='lat' dir='ltr'><strong>Capellae.</strong></span> <span class='ocrx_word' id='word_1_91' title='bbox 2671 2262 2762 2326; x_wconf 88' lang='lat' dir='ltr'><strong>Et</strong></span> <span class='ocrx_word' id='word_1_92' title='bbox 2813 2262 2946 2326; x_wconf 87' lang='lat' dir='ltr'><strong>alia</strong></span> <span class='ocrx_word' id='word_1_93' title='bbox 2997 2262 3174 2327; x_wconf 82' lang='lat' dir='ltr'><strong>bona</strong></span> 
     </span>
     <span class='ocr_line' id='line_1_14' title="bbox 740 2334 3168 2452; baseline -0.002 -17"><span class='ocrx_word' id='word_1_94' title='bbox 740 2336 1056 2449; x_wconf 50' lang='grc' dir='ltr'><strong>ΒᾹἙὲι-ἕιεῖἒῃ</strong></span> <span class='ocrx_word' id='word_1_95' title='bbox 1104 2334 1142 2383; x_wconf 76' lang='lat' dir='ltr'>y</span> <span class='ocrx_word' id='word_1_96' title='bbox 1162 2382 1397 2443; x_wconf 83' lang='lat' dir='ltr'><strong>vestra,</strong></span> <span class='ocrx_word' id='word_1_97' title='bbox 1430 2367 1604 2433; x_wconf 84' lang='lat' dir='ltr'><strong>sicut</strong></span> <span class='ocrx_word' id='word_1_98' title='bbox 1632 2388 1711 2431; x_wconf 87' lang='lat' dir='ltr'><strong>ea</strong></span> <span class='ocrx_word' id='word_1_99' title='bbox 1738 2368 1961 2432; x_wconf 84' lang='lat' dir='ltr'><strong>omnia</strong></span> <span class='ocrx_word' id='word_1_100' title='bbox 1989 2366 2160 2431; x_wconf 80' lang='lat' dir='ltr'><strong>iuste</strong></span> <span class='ocrx_word' id='word_1_101' title='bbox 2189 2387 2264 2431; x_wconf 87' lang='lat' dir='ltr'><strong>ac</strong></span> <span class='ocrx_word' id='word_1_102' title='bbox 2294 2364 2559 2452; x_wconf 86' lang='lat' dir='ltr'><strong>pacifice</strong></span> <span class='ocrx_word' id='word_1_103' title='bbox 2602 2366 2949 2451; x_wconf 86' lang='lat' dir='ltr'><strong>possidetis</strong></span> <span class='ocrx_word' id='word_1_104' title='bbox 2979 2364 3168 2430; x_wconf 87' lang='lat' dir='ltr'><strong>vobis</strong></span> 
     </span>
     <span class='ocr_line' id='line_1_15' title="bbox 736 2450 3180 2579; baseline -0.001 -43"><span class='ocrx_word' id='word_1_105' title='bbox 736 2450 1075 2579; x_wconf 43' lang='grc' dir='ltr'><strong>ῗζέθὸὦέἑῖζι</strong></span> <span class='ocrx_word' id='word_1_106' title='bbox 1087 2514 1142 2563; x_wconf 72' lang='lat' dir='ltr'><strong>of</strong></span> <span class='ocrx_word' id='word_1_107' title='bbox 1164 2475 1233 2536; x_wconf 88' lang='lat' dir='ltr'><strong>et</strong></span> <span class='ocrx_word' id='word_1_108' title='bbox 1306 2492 1421 2557; x_wconf 89' lang='lat' dir='ltr'><strong>per</strong></span> <span class='ocrx_word' id='word_1_109' title='bbox 1494 2492 1612 2536; x_wconf 88' lang='lat' dir='ltr'><strong>vos</strong></span> <span class='ocrx_word' id='word_1_110' title='bbox 1686 2469 1898 2534; x_wconf 90' lang='lat' dir='ltr'><strong>eidem</strong></span> <span class='ocrx_word' id='word_1_111' title='bbox 1971 2470 2376 2535; x_wconf 67' lang='lat' dir='ltr'><strong>Mona-sterio</strong></span> <span class='ocrx_word' id='word_1_112' title='bbox 2464 2474 2685 2534; x_wconf 85' lang='lat' dir='ltr'><strong>vestro</strong></span> <span class='ocrx_word' id='word_1_113' title='bbox 2761 2470 3180 2534; x_wconf 84' lang='lat' dir='ltr'><strong>Auctoritate</strong></span> 
     </span>
     <span class='ocr_line' id='line_1_16' title="bbox 741 2572 3179 2660; baseline 0 -23"><span class='ocrx_word' id='word_1_114' title='bbox 741 2582 984 2660; x_wconf 61' lang='lat' dir='ltr'><strong>Charljon</strong></span> <span class='ocrx_word' id='word_1_115' title='bbox 1038 2581 1140 2630; x_wconf 73' lang='lat' dir='ltr'><strong>and</strong></span> <span class='ocrx_word' id='word_1_116' title='bbox 1167 2572 1544 2659; x_wconf 81' lang='lat' dir='ltr'><strong>Apostolica</strong></span> <span class='ocrx_word' id='word_1_117' title='bbox 1600 2572 2082 2647; x_wconf 77' lang='lat' dir='ltr'><strong>confirmamuS,</strong></span> <span class='ocrx_word' id='word_1_118' title='bbox 2141 2577 2208 2638; x_wconf 86' lang='lat' dir='ltr'><strong>et</strong></span> <span class='ocrx_word' id='word_1_119' title='bbox 2266 2574 2590 2658; x_wconf 88' lang='lat' dir='ltr'><strong>presentis</strong></span> <span class='ocrx_word' id='word_1_120' title='bbox 2671 2572 2902 2658; x_wconf 85' lang='lat' dir='ltr'><strong>scripti</strong></span> <span class='ocrx_word' id='word_1_121' title='bbox 2955 2577 3179 2658; x_wconf 86' lang='lat' dir='ltr'><strong>patro-</strong></span> 
     </span>
     <span class='ocr_line' id='line_1_17' title="bbox 736 2646 3177 2763; baseline -0.001 -20"><span class='ocrx_word' id='word_1_122' title='bbox 736 2646 949 2709; x_wconf 72' lang='lat' dir='ltr'><strong>Ponthp.</strong></span> <span class='ocrx_word' id='word_1_123' title='bbox 1164 2677 1341 2743; x_wconf 88' lang='lat' dir='ltr'><strong>cinio</strong></span> <span class='ocrx_word' id='word_1_124' title='bbox 1398 2678 1898 2743; x_wconf 87' lang='lat' dir='ltr'><strong>communimus.</strong></span> <span class='ocrx_word' id='word_1_125' title='bbox 1988 2675 2202 2752; x_wconf 89' lang='lat' dir='ltr'><strong>Nulli,</strong></span> <span class='ocrx_word' id='word_1_126' title='bbox 2263 2696 2434 2763; x_wconf 86' lang='lat' dir='ltr'><strong>ergo,</strong></span> <span class='ocrx_word' id='word_1_127' title='bbox 2493 2675 2762 2742; x_wconf 89' lang='lat' dir='ltr'><strong>omnino</strong></span> <span class='ocrx_word' id='word_1_128' title='bbox 2827 2675 3177 2741; x_wconf 87' lang='lat' dir='ltr'><strong>hominum</strong></span> 
     </span>
     <span class='ocr_line' id='line_1_18' title="bbox 1162 2762 3214 2866; baseline -0 -22"><span class='ocrx_word' id='word_1_129' title='bbox 1162 2780 1357 2846; x_wconf 87' lang='lat' dir='ltr'><strong>liceat</strong></span> <span class='ocrx_word' id='word_1_130' title='bbox 1413 2779 1585 2845; x_wconf 85' lang='lat' dir='ltr'><strong>hanc</strong></span> <span class='ocrx_word' id='word_1_131' title='bbox 1642 2780 1952 2866; x_wconf 82' lang='lat' dir='ltr'><strong>paginam</strong></span> <span class='ocrx_word' id='word_1_132' title='bbox 2015 2784 2230 2844; x_wconf 87' lang='lat' dir='ltr'><strong>vestre</strong></span> <span class='ocrx_word' id='word_1_133' title='bbox 2287 2780 2634 2865; x_wconf 82' lang='lat' dir='ltr'><strong>peticionis</strong></span> <span class='ocrx_word' id='word_1_134' title='bbox 2696 2784 2764 2844; x_wconf 89' lang='lat' dir='ltr'><strong>et</strong></span> <span class='ocrx_word' id='word_1_135' title='bbox 2823 2762 3214 2843; x_wconf 45' lang='lat' dir='ltr'><strong>confirma?</strong></span> 
     </span>
     <span class='ocr_line' id='line_1_19' title="bbox 1163 2881 3180 2968; baseline -0.001 -19"><span class='ocrx_word' id='word_1_136' title='bbox 1163 2884 1369 2949; x_wconf 87' lang='lat' dir='ltr'><strong>cionis</strong></span> <span class='ocrx_word' id='word_1_137' title='bbox 1450 2882 1833 2968; x_wconf 77' lang='lat' dir='ltr'><strong>infringere,</strong></span> <span class='ocrx_word' id='word_1_138' title='bbox 1893 2881 1998 2947; x_wconf 86' lang='lat' dir='ltr'><strong>vel</strong></span> <span class='ocrx_word' id='word_1_139' title='bbox 2074 2883 2134 2948; x_wconf 93' lang='lat' dir='ltr'><strong>ei</strong></span> <span class='ocrx_word' id='word_1_140' title='bbox 2193 2903 2362 2954; x_wconf 87' lang='lat' dir='ltr'><strong>ausu</strong></span> <span class='ocrx_word' id='word_1_141' title='bbox 2421 2884 2770 2948; x_wconf 84' lang='lat' dir='ltr'><strong>temerario</strong></span> <span class='ocrx_word' id='word_1_142' title='bbox 2830 2882 3180 2947; x_wconf 80' lang='lat' dir='ltr'><strong>contraire.</strong></span> 
     </span>
     <span class='ocr_line' id='line_1_20' title="bbox 1168 2986 3174 3073; baseline -0.001 -20"><span class='ocrx_word' id='word_1_143' title='bbox 1168 2988 1237 3053; x_wconf 82' lang='lat' dir='ltr'><strong>Si</strong></span> <span class='ocrx_word' id='word_1_144' title='bbox 1267 2987 1435 3072; x_wconf 85' lang='lat' dir='ltr'><strong>quis,</strong></span> <span class='ocrx_word' id='word_1_145' title='bbox 1464 2996 1704 3063; x_wconf 85' lang='lat' dir='ltr'><strong>autem,</strong></span> <span class='ocrx_word' id='word_1_146' title='bbox 1732 2987 1855 3053; x_wconf 87' lang='lat' dir='ltr'><strong>hoc</strong></span> <span class='ocrx_word' id='word_1_147' title='bbox 1893 2990 2293 3073; x_wconf 85' lang='lat' dir='ltr'><strong>attemptare</strong></span> <span class='ocrx_word' id='word_1_148' title='bbox 2334 2987 2825 3073; x_wconf 86' lang='lat' dir='ltr'><strong>presumpserit,</strong></span> <span class='ocrx_word' id='word_1_149' title='bbox 2870 2986 3174 3071; x_wconf 86' lang='lat' dir='ltr'><strong>indigna—</strong></span> 
     </span>
     <span class='ocr_line' id='line_1_21' title="bbox 1165 3090 3182 3177; baseline -0.001 -20"><span class='ocrx_word' id='word_1_150' title='bbox 1165 3093 1417 3158; x_wconf 89' lang='lat' dir='ltr'><strong>cionem</strong></span> <span class='ocrx_word' id='word_1_151' title='bbox 1494 3090 1985 3177; x_wconf 82' lang='lat' dir='ltr'><strong>Omnipotentis</strong></span> <span class='ocrx_word' id='word_1_152' title='bbox 2065 3091 2188 3155; x_wconf 90' lang='lat' dir='ltr'><strong>Dei</strong></span> <span class='ocrx_word' id='word_1_153' title='bbox 2261 3095 2331 3156; x_wconf 88' lang='lat' dir='ltr'><strong>et</strong></span> <span class='ocrx_word' id='word_1_154' title='bbox 2413 3091 2772 3155; x_wconf 86' lang='lat' dir='ltr'><strong>Beatorum</strong></span> <span class='ocrx_word' id='word_1_155' title='bbox 2849 3090 3033 3154; x_wconf 85' lang='lat' dir='ltr'><strong>Petri</strong></span> <span class='ocrx_word' id='word_1_156' title='bbox 3108 3093 3182 3154; x_wconf 83' lang='lat' dir='ltr'><strong>et</strong></span> 
     </span>
     <span class='ocr_line' id='line_1_22' title="bbox 1165 3195 3176 3282; baseline -0.001 -24"><span class='ocrx_word' id='word_1_157' title='bbox 1165 3195 1377 3274; x_wconf 88' lang='lat' dir='ltr'><strong>Pauli,</strong></span> <span class='ocrx_word' id='word_1_158' title='bbox 1450 3195 1911 3282; x_wconf 84' lang='lat' dir='ltr'><strong>Apostolorum</strong></span> <span class='ocrx_word' id='word_1_159' title='bbox 2001 3195 2180 3272; x_wconf 47' lang='lat' dir='ltr'><strong>Eius</strong></span> <span class='ocrx_word' id='word_1_160' title='bbox 2251 3216 2323 3259; x_wconf 89' lang='lat' dir='ltr'><strong>se</strong></span> <span class='ocrx_word' id='word_1_161' title='bbox 2395 3195 2658 3258; x_wconf 86' lang='lat' dir='ltr'><strong>noverit</strong></span> <span class='ocrx_word' id='word_1_162' title='bbox 2731 3195 3176 3258; x_wconf 86' lang='lat' dir='ltr'><strong>incursurum.</strong></span> 
     </span>
     <span class='ocr_line' id='line_1_23' title="bbox 1166 3296 3180 3384; baseline -0.001 -20"><span class='ocrx_word' id='word_1_163' title='bbox 1166 3299 1414 3364; x_wconf 85' lang='lat' dir='ltr'><strong>Datum</strong></span> <span class='ocrx_word' id='word_1_164' title='bbox 1457 3298 1759 3376; x_wconf 88' lang='lat' dir='ltr'><strong>Viterbii‚</strong></span> <span class='ocrx_word' id='word_1_165' title='bbox 1804 3297 2188 3364; x_wconf 84' lang='lat' dir='ltr'><strong>duodecima</strong></span> <span class='ocrx_word' id='word_1_166' title='bbox 2244 3297 2577 3363; x_wconf 81' lang='lat' dir='ltr'><strong>Kalendas</strong></span> <span class='ocrx_word' id='word_1_167' title='bbox 2624 3298 2896 3384; x_wconf 87' lang='lat' dir='ltr'><strong>Aprilis,</strong></span> <span class='ocrx_word' id='word_1_168' title='bbox 2948 3296 3180 3362; x_wconf 90' lang='lat' dir='ltr'><strong>Ponti·</strong></span> 
     </span>
    </p>
   </div>
   <div class='ocr_carea' id='block_1_5' title="bbox 1168 3401 2196 3508">
    <p class='ocr_par' dir='ltr' id='par_1_5' title="bbox 1168 3401 2196 3508">
     <span class='ocr_line' id='line_1_24' title="bbox 1168 3401 2196 3508; baseline -0.006 -39"><span class='ocrx_word' id='word_1_169' title='bbox 1168 3403 1404 3469; x_wconf 86' lang='lat' dir='ltr'><strong>ficatus</strong></span> <span class='ocrx_word' id='word_1_170' title='bbox 1447 3401 1674 3508; x_wconf 72' lang='lat' dir='ltr'><strong>Nostri</strong></span> <span class='ocrx_word' id='word_1_171' title='bbox 1718 3423 1895 3467; x_wconf 86' lang='lat' dir='ltr'><strong>anno</strong></span> <span class='ocrx_word' id='word_1_172' title='bbox 1939 3405 2196 3486; x_wconf 88' lang='lat' dir='ltr'><strong>quarto.</strong></span> 
     </span>
    </p>
   </div>
   <div class='ocr_carea' id='block_1_6' title="bbox 936 3765 2786 3847">
    <p class='ocr_par' dir='ltr' id='par_1_6' title="bbox 936 3765 2786 3847">
     <span class='ocr_line' id='line_1_25' title="bbox 936 3765 2786 3847; baseline 0 -15"><span class='ocrx_word' id='word_1_173' title='bbox 936 3773 1079 3825; x_wconf 80' lang='lat' dir='ltr'><strong>XIX·</strong></span> <span class='ocrx_word' id='word_1_174' title='bbox 1610 3768 1745 3836; x_wconf 73' lang='lat' dir='ltr'><strong>Pro</strong></span> <span class='ocrx_word' id='word_1_175' title='bbox 1789 3767 2108 3835; x_wconf 74' lang='lat' dir='ltr'><strong>Ecclseiis</strong></span> <span class='ocrx_word' id='word_1_176' title='bbox 2150 3787 2294 3834; x_wconf 69' lang='lat' dir='ltr'><strong>‘non</strong></span> <span class='ocrx_word' id='word_1_177' title='bbox 2339 3765 2786 3847; x_wconf 72' lang='lat' dir='ltr'><strong>conferendis.</strong></span> 
     </span>
    </p>
   </div>
   <div class='ocr_carea' id='block_1_7' title="bbox 1161 3904 3186 4512">
    <p class='ocr_par' dir='ltr' id='par_1_7' title="bbox 1161 3904 3186 4512">
     <span class='ocr_line' id='line_1_26' title="bbox 1257 3904 3186 3992; baseline -0.001 -20"><span class='ocrx_word' id='word_1_178' title='bbox 1257 3908 1702 3985; x_wconf 75' lang='lat' dir='ltr'><strong>InnocentiuS,</strong></span> <span class='ocrx_word' id='word_1_179' title='bbox 1718 3907 2098 3992; x_wconf 77' lang='lat' dir='ltr'><strong>EpiscopuS,</strong></span> <span class='ocrx_word' id='word_1_180' title='bbox 2121 3927 2350 3970; x_wconf 87' lang='lat' dir='ltr'><strong>servus</strong></span> <span class='ocrx_word' id='word_1_181' title='bbox 2369 3927 2710 3970; x_wconf 86' lang='lat' dir='ltr'><strong>servorum</strong></span> <span class='ocrx_word' id='word_1_182' title='bbox 2733 3904 2881 3979; x_wconf 81' lang='lat' dir='ltr'><strong>Dei,</strong></span> <span class='ocrx_word' id='word_1_183' title='bbox 2909 3904 3186 3970; x_wconf 82' lang='lat' dir='ltr'><strong>Dilectis</strong></span> 
     </span>
     <span class='ocr_line' id='line_1_27' title="bbox 1167 4007 3180 4088; baseline -0.001 -13"><span class='ocrx_word' id='word_1_184' title='bbox 1167 4012 1342 4087; x_wconf 89' lang='lat' dir='ltr'><strong>filiis,</strong></span> <span class='ocrx_word' id='word_1_185' title='bbox 1371 4009 1615 4076; x_wconf 87' lang='lat' dir='ltr'><strong>Abbati</strong></span> <span class='ocrx_word' id='word_1_186' title='bbox 1648 4015 1717 4075; x_wconf 89' lang='lat' dir='ltr'><strong>et</strong></span> <span class='ocrx_word' id='word_1_187' title='bbox 1768 4008 2145 4075; x_wconf 87' lang='lat' dir='ltr'><strong>Conventui</strong></span> <span class='ocrx_word' id='word_1_188' title='bbox 2205 4009 2583 4073; x_wconf 85' lang='lat' dir='ltr'><strong>Monasterii</strong></span> <span class='ocrx_word' id='word_1_189' title='bbox 2617 4007 3180 4088; x_wconf 86' lang='lat' dir='ltr'><strong>Winchecumbie,</strong></span> 
     </span>
     <span class='ocr_line' id='line_1_28' title="bbox 1167 4111 3181 4197; baseline -0.001 -17"><span class='ocrx_word' id='word_1_190' title='bbox 1167 4114 1435 4180; x_wconf 88' lang='lat' dir='ltr'><strong>Ordinis</strong></span> <span class='ocrx_word' id='word_1_191' title='bbox 1511 4113 1739 4179; x_wconf 87' lang='lat' dir='ltr'><strong>Sancti</strong></span> <span class='ocrx_word' id='word_1_192' title='bbox 1810 4112 2170 4188; x_wconf 88' lang='lat' dir='ltr'><strong>Benedicti,</strong></span> <span class='ocrx_word' id='word_1_193' title='bbox 2233 4112 2728 4197; x_wconf 82' lang='lat' dir='ltr'><strong>Wygorniensis</strong></span> <span class='ocrx_word' id='word_1_194' title='bbox 2811 4111 3181 4191; x_wconf 80' lang='lat' dir='ltr'><strong>Dioceseos‚</strong></span> 
     </span>
     <span class='ocr_line' id='line_1_29' title="bbox 1167 4214 3184 4303; baseline -0.002 -20"><span class='ocrx_word' id='word_1_195' title='bbox 1167 4218 1467 4285; x_wconf 82' lang='lat' dir='ltr'><strong>Salutem</strong></span> <span class='ocrx_word' id='word_1_196' title='bbox 1532 4222 1601 4283; x_wconf 88' lang='lat' dir='ltr'><strong>et</strong></span> <span class='ocrx_word' id='word_1_197' title='bbox 1660 4216 2106 4303; x_wconf 86' lang='lat' dir='ltr'><strong>Apostolicam</strong></span> <span class='ocrx_word' id='word_1_198' title='bbox 2169 4214 2721 4280; x_wconf 89' lang='lat' dir='ltr'><strong>Benedictionem.</strong></span> <span class='ocrx_word' id='word_1_199' title='bbox 2823 4215 3184 4280; x_wconf 86' lang='lat' dir='ltr'><strong>Devotioni</strong></span> 
     </span>
     <span class='ocr_line' id='line_1_30' title="bbox 1163 4319 3178 4409; baseline -0.001 -23"><span class='ocrx_word' id='word_1_200' title='bbox 1163 4328 1383 4388; x_wconf 86' lang='lat' dir='ltr'><strong>vestre</strong></span> <span class='ocrx_word' id='word_1_201' title='bbox 1413 4321 1717 4409; x_wconf 85' lang='lat' dir='ltr'><strong>precibus</strong></span> <span class='ocrx_word' id='word_1_202' title='bbox 1746 4319 2074 4399; x_wconf 87' lang='lat' dir='ltr'><strong>inclinati,</strong></span> <span class='ocrx_word' id='word_1_203' title='bbox 2117 4321 2514 4385; x_wconf 86' lang='lat' dir='ltr'><strong>auctoritate</strong></span> <span class='ocrx_word' id='word_1_204' title='bbox 2546 4319 2731 4385; x_wconf 84' lang='lat' dir='ltr'><strong>vobis</strong></span> <span class='ocrx_word' id='word_1_205' title='bbox 2762 4321 3178 4406; x_wconf 88' lang='lat' dir='ltr'><strong>presencium</strong></span> 
     </span>
     <span class='ocr_line' id='line_1_31' title="bbox 1161 4425 2534 4512; baseline -0.003 -20"><span class='ocrx_word' id='word_1_206' title='bbox 1161 4426 1581 4512; x_wconf 88' lang='lat' dir='ltr'><strong>indulgemus</strong></span> <span class='ocrx_word' id='word_1_207' title='bbox 1610 4430 1689 4490; x_wconf 87' lang='lat' dir='ltr'><strong>ut</strong></span> <span class='ocrx_word' id='word_1_208' title='bbox 1718 4446 1837 4511; x_wconf 90' lang='lat' dir='ltr'><strong>per</strong></span> <span class='ocrx_word' id='word_1_209' title='bbox 1869 4425 2377 4490; x_wconf 85' lang='lat' dir='ltr'><strong>reservaciones1</strong></span> <span class='ocrx_word' id='word_1_210' title='bbox 2411 4427 2534 4490; x_wconf 82' lang='lat' dir='ltr'><strong>etc.</strong></span> 
     </span>
    </p>
   </div>
   <div class='ocr_carea' id='block_1_8' title="bbox 1224 4589 3182 4679">
    <p class='ocr_par' dir='ltr' id='par_1_8' title="bbox 1224 4589 3182 4679">
     <span class='ocr_line' id='line_1_32' title="bbox 1224 4589 3182 4679; baseline -0.001 -14"><span class='ocrx_word' id='word_1_211' title='bbox 1224 4611 1240 4650; x_wconf 81' lang='lat'>1</span> <span class='ocrx_word' id='word_1_212' title='bbox 1275 4614 1542 4679; x_wconf 80' lang='lat' dir='ltr'><strong>Duplicate</strong></span> <span class='ocrx_word' id='word_1_213' title='bbox 1584 4613 1638 4662; x_wconf 74' lang='lat' dir='ltr'><strong>of</strong></span> <span class='ocrx_word' id='word_1_214' title='bbox 1682 4613 1772 4662; x_wconf 86' lang='lat' dir='ltr'><strong>the</strong></span> <span class='ocrx_word' id='word_1_215' title='bbox 1817 4613 1977 4662; x_wconf 82' lang='lat' dir='ltr'><strong>above</strong></span> <span class='ocrx_word' id='word_1_216' title='bbox 2021 4589 2253 4674; x_wconf 55' lang='lat' dir='ltr'><strong>(XVII),</strong></span> <span class='ocrx_word' id='word_1_217' title='bbox 2288 4615 2491 4662; x_wconf 69' lang='lat' dir='ltr'><strong>mutatis</strong></span> <span class='ocrx_word' id='word_1_218' title='bbox 2532 4612 2824 4662; x_wconf 72' lang='lat' dir='ltr'><strong>mutandis:</strong></span> <span class='ocrx_word' id='word_1_219' title='bbox 2855 4613 3052 4662; x_wconf 69' lang='lat' dir='ltr'><strong>“sibi&#39;’</strong></span> <span class='ocrx_word' id='word_1_220' title='bbox 3097 4614 3182 4663; x_wconf 78' lang='lat' dir='ltr'><strong>for</strong></span> 
     </span>
    </p>
   </div>
   <div class='ocr_carea' id='block_1_9' title="bbox 3683 3117 3689 3622">
    <p class='ocr_par' dir='ltr' id='par_1_9' title="bbox 3683 3117 3689 3622">
     <span class='ocr_line' id='line_1_33' title="bbox 3683 3117 3689 3622; baseline 0 0"><span class='ocrx_word' id='word_1_221' title='bbox 3683 3117 3689 3622; x_wconf 95' lang='lat' dir='ltr'><strong> </strong></span> 
     </span>
    </p>
   </div>
   <div class='ocr_carea' id='block_1_10' title="bbox 1158 4692 3278 4758">
    <p class='ocr_par' dir='ltr' id='par_1_10' title="bbox 1158 4692 3278 4758">
     <span class='ocr_line' id='line_1_34' title="bbox 1158 4692 3278 4758; baseline -0.002 -10"><span class='ocrx_word' id='word_1_222' title='bbox 1158 4696 1333 4748; x_wconf 67' lang='lat' dir='ltr'><strong>“vobis</strong></span> <span class='ocrx_word' id='word_1_223' title='bbox 1351 4697 1413 4747; x_wconf 89' lang='lat'><strong>:”</strong></span> <span class='ocrx_word' id='word_1_224' title='bbox 1444 4695 1599 4746; x_wconf 72' lang='lat' dir='ltr'><strong>eidem</strong></span> <span class='ocrx_word' id='word_1_225' title='bbox 1617 4693 1806 4755; x_wconf 71' lang='lat' dir='ltr'><strong>Abbati,</strong></span> <span class='ocrx_word' id='word_1_226' title='bbox 1832 4695 1942 4757; x_wconf 83' lang='lat' dir='ltr'><strong>&amp;c.,</strong></span> <span class='ocrx_word' id='word_1_227' title='bbox 1964 4693 2046 4744; x_wconf 73' lang='lat' dir='ltr'><strong>for</strong></span> <span class='ocrx_word' id='word_1_228' title='bbox 2068 4693 2244 4744; x_wconf 71' lang='lat' dir='ltr'><strong>“vobis</strong></span> <span class='ocrx_word' id='word_1_229' title='bbox 2261 4692 2287 4718; x_wconf 87' lang='lat'><strong>”</strong></span> <span class='ocrx_word' id='word_1_230' title='bbox 2315 4694 2635 4744; x_wconf 82' lang='lat' dir='ltr'><strong>obstaculum</strong></span> <span class='ocrx_word' id='word_1_231' title='bbox 2655 4693 2704 4741; x_wconf 89' lang='lat'><strong>:”</strong></span> <span class='ocrx_word' id='word_1_232' title='bbox 2743 4695 3054 4758; x_wconf 67' lang='lat' dir='ltr'><strong>“ipsorum&#39;’</strong></span> <span class='ocrx_word' id='word_1_233' title='bbox 3091 4695 3174 4744; x_wconf 84' lang='lat' dir='ltr'><strong>for</strong></span> <span class='ocrx_word' id='word_1_234' title='bbox 3273 4745 3278 4752; x_wconf 75' lang='grc'><em>,</em></span> 
     </span>
    </p>
   </div>
   <div class='ocr_carea' id='block_1_11' title="bbox 1158 4773 3164 4926">
    <p class='ocr_par' dir='ltr' id='par_1_11' title="bbox 1158 4773 3164 4926">
     <span class='ocr_line' id='line_1_35' title="bbox 1160 4773 3164 4841; baseline -0.001 -11"><span class='ocrx_word' id='word_1_235' title='bbox 1160 4779 1409 4830; x_wconf 65' lang='lat' dir='ltr'><strong>“vam-am</strong></span> <span class='ocrx_word' id='word_1_236' title='bbox 1428 4777 1476 4826; x_wconf 88' lang='lat'><strong>:”</strong></span> <span class='ocrx_word' id='word_1_237' title='bbox 1514 4779 1543 4804; x_wconf 90' lang='lat'><strong>“</strong></span> <span class='ocrx_word' id='word_1_238' title='bbox 1562 4777 1758 4828; x_wconf 63' lang='lat' dir='ltr'><strong>valeam</strong></span> <span class='ocrx_word' id='word_1_239' title='bbox 1776 4777 1806 4800; x_wconf 89' lang='lat'><strong>”</strong></span> <span class='ocrx_word' id='word_1_240' title='bbox 1838 4777 1920 4828; x_wconf 73' lang='lat' dir='ltr'><strong>for</strong></span> <span class='ocrx_word' id='word_1_241' title='bbox 1946 4773 2246 4827; x_wconf 71' lang='lat' dir='ltr'><strong>“valeatis-’⁹</strong></span> <span class='ocrx_word' id='word_1_242' title='bbox 2339 4777 2439 4827; x_wconf 84' lang='lat' dir='ltr'><strong>For</strong></span> <span class='ocrx_word' id='word_1_243' title='bbox 2463 4781 2496 4804; x_wconf 84' lang='lat'><strong>‘⁴</strong></span> <span class='ocrx_word' id='word_1_244' title='bbox 2517 4775 2805 4841; x_wconf 81' lang='lat' dir='ltr'><strong>Quocirca,’&#39;</strong></span> <span class='ocrx_word' id='word_1_245' title='bbox 2833 4777 2944 4837; x_wconf 68' lang='grc' dir='ltr'><strong>δια,</strong></span> <span class='ocrx_word' id='word_1_246' title='bbox 2969 4777 3164 4828; x_wconf 78' lang='lat' dir='ltr'><strong>“Nulli</strong></span> 
     </span>
     <span class='ocr_line' id='line_1_36' title="bbox 1158 4858 1710 4926; baseline -0.007 -14"><span class='ocrx_word' id='word_1_247' title='bbox 1158 4877 1298 4926; x_wconf 82' lang='lat' dir='ltr'><strong>ergo,</strong></span> <span class='ocrx_word' id='word_1_248' title='bbox 1324 4858 1583 4922; x_wconf 88' lang='lat' dir='ltr'><strong>omnino,”</strong></span> <span class='ocrx_word' id='word_1_249' title='bbox 1620 4859 1710 4911; x_wconf 71' lang='lat' dir='ltr'><strong>&amp;c-</strong></span> 
     </span>
    </p>
   </div>
   <div class='ocr_carea' id='block_1_12' title="bbox 3682 4657 3691 5400">
    <p class='ocr_par' dir='ltr' id='par_1_12' title="bbox 3682 4657 3691 5400">
     <span class='ocr_line' id='line_1_37' title="bbox 3682 4657 3691 5400; baseline 0 0"><span class='ocrx_word' id='word_1_250' title='bbox 3682 4657 3691 5400; x_wconf 95' lang='lat' dir='ltr'><strong> </strong></span> 
     </span>
    </p>
   </div>
  </div>
 </body>
</html>
