3731 6032
1494 1036 1567 1093 31

540 1186 701 1266 Nos,
728 1194 968 1265 autem,
998 1188 1405 1264 donaciones,
1425 1190 1892 1263 concessiones,
1914 1197 1984 1256 et
2012 1190 2546 1257 confirmaciones

538 1293 883 1379 predictas,
912 1314 1186 1372 necnon,
1215 1294 1437 1358 omnia
1465 1292 1599 1357 alia
1626 1298 1697 1359 et
1724 1294 1986 1381 singula
2015 1296 2088 1359 in
2123 1294 2318 1361 dictis
2349 1294 2548 1359 cartis

481 1430 493 1447 τ
542 1401 613 1460 et
642 1396 855 1460 literis
882 1400 1209 1472 contenta,
1238 1401 1385 1461 rata
1412 1396 1728 1462 habentes
1756 1403 1826 1463 et
1854 1402 2066 1483 grata,
2097 1420 2176 1463 ea
2207 1418 2328 1484 pro
2360 1395 2550 1461 nobis

548 1504 617 1565 et
643 1498 993 1564 heredibus
1021 1500 1282 1576 nostris,
1312 1504 1635 1585 quantum
1656 1501 1725 1564 in
1753 1499 1942 1567 nobis
1966 1506 2084 1577 est,
2113 1506 2555 1587 acceptamus,

544 1603 985 1688 approbamus
1036 1623 1111 1666 ac
1170 1603 1427 1669 dilectis
1474 1603 1681 1669 Nobis
1728 1605 1799 1669 in
1860 1604 2124 1669 Christo
2179 1596 2452 1668 Abbati‘
2483 1606 2554 1667 et

547 1706 915 1771 Conventui
982 1706 1263 1772 Abbatie
1333 1706 1627 1793 predicte
1699 1712 1768 1773 et
1838 1707 2326 1774 successoribus
2398 1704 2554 1783 suis,
2579 1729 2650 1780 ιο.
2674 1729 2759 1780 20.

543 1813 771 1903 tenore
801 1810 1204 1895 presencium
1258 1811 1672 1877 concedimus
1724 1816 1794 1877 et
1842 1816 2327 1889 confirmamuS‚
2381 1809 2554 1875 sicut

545 1919 725 1979 carte
783 1919 853 1978 et
911 1914 1099 1979 litere
1155 1914 1449 2001 predicte
1506 1916 1994 1981 racionabiliter
2045 1920 2414 1992 testantur,
2485 1918 2556 1979 et

546 2024 745 2103 prout
777 2018 977 2081 iidem
1008 2017 1232 2082 Abbas
1276 2024 1345 2083 et
1388 2018 1773 2084 Conventus
1816 2030 1886 2085 et
1929 2020 2418 2102 predecessores
2450 2016 2556 2081 sui

547 2119 929 2197 Hundreda‚
990 2128 1199 2186 terras
1272 2127 1342 2188 et
1400 2128 1779 2187 tenementa
1836 2122 2152 2209 predicta,
2227 2121 2554 2186 hactenus

547 2225 1048 2301 racionabiliter,
1078 2225 1473 2302 habuerunt,
1502 2232 1571 2291 et
1600 2230 1976 2303 tenuerunt,
2006 2248 2083 2292 ac
2111 2223 2558 2315 libertatibus,

547 2330 951 2412 quietanciis,
998 2330 1183 2394 feriis
1228 2337 1297 2395 et
1340 2331 1660 2404 mercatis,
1705 2337 1775 2395 et
1817 2331 1966 2397 aliis
1997 2331 2200 2395 cartis
2240 2336 2310 2394 et
2345 2328 2556 2393 literis

545 2434 855 2517 predictis
899 2434 1240 2509 contentis,
1278 2435 1525 2499 virtute
1569 2438 1914 2509 cartarum,
1959 2433 2548 2501 confirmacionum

548 2542 618 2602 et
693 2537 1033 2603 literarum
1107 2538 1650 2623 supradictarum,
1714 2536 2212 2603 racionabiliter
2293 2538 2404 2600 uti
2486 2537 2556 2599 et

550 2640 837 2726 gaudere
881 2645 1378 2705 consueverunt.
1470 2640 1551 2701 In
1594 2640 1781 2707 cuius
1810 2641 1908 2705 rei
1945 2638 2398 2705 testimonium
2431 2637 2553 2702 has
2589 2647 2932 2699 Conni-moab

553 2744 780 2810 literas
822 2749 1079 2809 nostras
1122 2744 1264 2808 fieri
1308 2743 1588 2809 fecimus
1632 2748 1959 2829 patentes.
2049 2744 2246 2807 Teste
2307 2742 2560 2825 Meipso
2587 2715 2652 2831 ἐξ
2673 2713 2985 2844 ῗαῗξῗιξοόζ

556 2848 733 2934 apud
802 2849 1499 2927 westmonasterium3
1556 2848 1864 2913 vicesimo
1909 2849 2146 2934 quinto
2196 2846 2302 2911 die
2355 2845 2559 2924 lulii;

558 2972 732 3016 anno
761 2951 947 3038 regni
978 2952 1189 3015 nostri
1220 2952 1447 3038 primo⁸

631 3181 771 3265 [De
799 3180 1195 3266 ymlsaco‘one
1225 3201 1730 3268 campanavmm
1778 3180 2056 3248 Ecclesie
2100 3180 2346 3250 Sancti
2371 3181 2565 3250 Petri
2717 3190 2784 3242 V-

554 3283 637 3350 do
680 3283 1239 3370 Wy‘nchecomba]

646 3463 1035 3529 Reverendo
1071 3465 1143 3527 in
1176 3462 1441 3530 Christo
1486 3462 1670 3527 Patri
1701 3467 1771 3528 et
1801 3462 2088 3541 domin0,
2129 3463 2414 3542 domino,
2441 3466 2564 3532 Dei
2589 3475 2723 3525 Bon·
2744 3477 2858 3526 how
2878 3481 2935 3526 to

564 3568 820 3645 Gracia,
896 3567 1361 3652 Wygorniensi
1436 3565 1775 3652 Episcopo,
1846 3587 1925 3632 ac
1997 3566 2210 3632 Priori
2284 3569 2564 3634 Ecclesie
2589 3541 2990 3657 ffiffissffifflss

559 3670 978 3740 Catbedralis
1017 3670 1529 3756 Wygorniensis,
1576 3691 1827 3735 necnon
1860 3669 2166 3735 omnibus
2196 3676 2264 3735 et
2291 3672 2564 3755 singulis
2587 3670 2644 3722 01
2655 3671 2991 3722 winehoomb.

560 3775 945 3850 Abbatibus,
1002 3774 1359 3850 Prioribus,
1410 3773 1695 3838 Decanis
1746 3778 1815 3837 et
1863 3795 2088 3837 eorum
2143 3773 2566 3854 officialibus,

569 3877 851 3943 Decanis
882 3877 1257 3950 Ruralibus,
1295 3877 1701 3954 Rectoribus,
1729 3877 2028 3956 Vicariis‚
2076 3878 2567 3956 Commissariis,

562 3981 1186 4065 sequestratoribus,
1236 3979 1740 4055 I’residentibuS,
1786 3979 2141 4046 Advocatis
2170 3986 2240 4047 et
2271 3982 2568 4048 Notariis

570 4084 877 4160 Publicis,
907 4085 1445 4169 Presbitelisque,
1494 4089 1563 4149 et
1609 4084 1878 4150 Clericis
1927 4105 2041 4166 per
2092 4085 2453 4152 Civitatem
2501 4091 2571 4153 et

571 4187 893 4254 Diocesim
971 4188 1483 4274 Wygornienses
1569 4187 1970 4264 constitutis,
2043 4192 2112 4252 et
2183 4189 2572 4274 specialiter,

558 4291 823 4358 Vicario
869 4291 1157 4357 Ecclesie
1217 4290 1616 4356 Parocbialis
1670 4291 1752 4356 de
1804 4291 2350 4376 Wynchecombe,
2397 4293 2572 4360 dicte

562 4395 1062 4482 Wygorniensis
1117 4394 1475 4471 Dioceseos,
1526 4415 1605 4460 ac
1655 4394 1877 4459 Presbi
1889 4396 2038 4460 teris
2086 4402 2156 4460 et
2201 4397 2466 4462 Clericis
2495 4398 2568 4463 in

567 4521 646 4565 ea
676 4500 906 4563 divina
935 4497 1441 4572 celebrantibus,
1478 4502 1547 4562 et
1576 4499 1781 4564 eciam
1812 4499 2269 4577 servientibus,
2299 4524 2571 4581 necnon,

567 4601 871 4668 omnibus
902 4613 969 4667 et
995 4601 1275 4688 singulis
1304 4607 1444 4666 tam
1482 4602 1853 4678 civitatum,
1886 4603 2216 4679 villarum,
2245 4611 2570 4671 terrarum

570 4705 1100 4781 vicecomitibus,-
1178 4705 1560 4783 Maioribus,
1634 4705 2028 4784 Censuariis,
2099 4707 2380 4774 Vasallis
2451 4731 2571 4776 seu

565 4805 991 4871 reddituariis
1023 4804 1419 4882 tenentibus,
1464 4827 1577 4870 seu
1611 4804 2083 4881 laborantibus,
2127 4809 2268 4889 agri
2301 4808 2572 4874 cultori-

565 4909 709 4982 bus,
730 4907 1217 4985 mercatoribus,
1244 4907 1910 4985 administratoribus,
1955 4908 2219 4974 ballivis
2244 4917 2313 4976 et
2342 4911 2566 4978 minis-
