3731 6032
698 3345 983 3400 cooxm.

699 3437 769 3490 fo.
792 3439 908 3490 809.

701 4117 971 4173 cocxw.

698 4210 769 4262 fo.
792 4211 905 4262 811.

2071 991 2200 1056 358

1128 1154 1604 1225 Gertificatorio
1635 1157 1983 1244 Rescripto
2013 1156 2393 1244 Apostolico
2423 1160 2494 1224 et
2521 1156 2857 1223 sentencia
2885 1152 3139 1223 huszm-

1124 1258 1325 1338 modi,
1368 1281 1581 1347 quam
1622 1260 1791 1329 aliis
1835 1260 2104 1327 dictwn
2145 1260 2507 1343 myociwm
2549 1257 3009 1343 tanqmtibue,
3059 1257 3147 1324 de

1063 1400 1071 1409 ·
1122 1359 1691 1451 &astupeo-aarum
1720 1362 2009 1431 coneilio
2037 1362 2236 1431 nobis
2264 1361 2738 1431 assidendum
2763 1361 2997 1429 habita
3023 1362 3138 1429 de-

1127 1463 1534 1535 liberacione
1580 1467 1681 1534 ad
1722 1466 2027 1549 plenum,
2059 1488 2210 1534 cum
2254 1488 2340 1533 ex
2392 1470 2582 1554 parte
2633 1466 2797 1533 dicti
2842 1466 3142 1533 Rectoris

1128 1620 1389 1639 .....
1437 1572 1787 1658 quominus
1812 1570 2090 1657 prefata
2127 1568 2474 1637 sentencia
2518 1569 2788 1637 deberet
2831 1569 3139 1637 effectum

1129 1719 1147 1737 .
1194 1724 1208 1738 .
1253 1723 1269 1740 .
1314 1722 1329 1740 .
1374 1724 1389 1739 .
1434 1696 1550 1758 pre
1580 1676 1783 1741 oculis
1812 1673 2153 1753 habentes,
2181 1672 2577 1761 dictumque
2609 1674 2970 1757 neqooium
2999 1672 3146 1739 sive

1128 1796 1414 1843 causam
1442 1776 1669 1864 quoad
1690 1776 1809 1843 sui
1828 1776 2079 1845 merita
2096 1796 2362 1843 newton
2383 1776 2877 1859 confessionem
2906 1777 3142 1863 ipsius

1126 1880 1351 1965 partis
1390 1902 1496 1947 ree
1536 1879 1855 1948 emissam
1899 1879 1981 1947 de
2022 1880 2201 1960 iare,
2229 1900 2398 1966 equo
2441 1877 2814 1947 libramine
2855 1879 3142 1966 ponder-

1126 1990 1335 2062 antes,
1362 1986 1764 2053 sentenciam
1792 1990 2261 2062 memoratam,
2291 2004 2506 2071 qaam
2549 1982 2889 2069 Reliyviosi
2913 2004 3045 2070 pro
3075 2002 3144 2049 ee

1124 2087 1507 2172 optinuisse
1528 2094 1928 2165 noscuntur,
1957 2086 2318 2155 secundum
2349 2088 2555 2173 ipsius
2584 2087 2870 2153 formam
2901 2088 3042 2151 vim
3071 2092 3146 2151 et

1125 2190 1455 2269 effectum,
1486 2190 1625 2269 fore
1656 2189 2066 2257 decernimus
2097 2190 2462 2257 munimine
2507 2190 2888 2277 Apostolico
2918 2189 3142 2256 robor-

1125 2294 1410 2370 andam3
1454 2294 1837 2379 dictumque
1858 2294 2207 2360 Rectorem
2251 2343 2266 2359 .
2310 2342 2327 2361 .
2375 2340 2393 2358 .
2439 2299 2510 2361 et
2539 2293 2848 2361 Rectores
2876 2291 3148 2361 futuros

1123 2398 1211 2464 ‘in
1232 2404 1586 2483 postorum
1612 2397 1956 2465 observare
1987 2396 2212 2464 debere
2238 2396 2659 2465 sentenciam
2701 2394 3146 2481 prelibatum,

1123 2501 1251 2568 sub
1278 2522 1451 2589 pena
1479 2502 2205 2580 excommunicacionis,
2249 2522 2468 2587 quam,
2503 2524 2581 2568 ex
2611 2523 2812 2580 nunc,
2841 2500 3144 2567 auotori-

1124 2610 1261 2671 tate
1286 2602 1489 2673 Sedis
1518 2604 1898 2693 Apostolice
1927 2603 2382 2683 Sam-omnem,
2405 2606 2475 2671 in
2506 2626 2815 2692 personas
2845 2602 3144 2671 istorum

1127 2714 1188 2775 et
1212 2728 1576 2795 personam
1604 2706 2076 2794 cuiuscunque
2102 2728 2181 2773 ea
2208 2706 2305 2776 iis
2334 2710 2406 2774 in
2429 2710 2560 2775 hiis
2583 2708 2846 2795 scriptis
2867 2707 3141 2795 proferi-

1128 2832 1297 2889 mus,
1354 2814 1409 2880 si
1459 2812 1986 2880 contravenerint
2031 2812 2482 2899 quodcunque.
2574 2813 2663 2878 Et
2711 2820 2792 2877 ut
2839 2811 3145 2897 singulis,

1130 2921 1235 2982 etc
1236 2964 1497 2983 .....
1541 2915 1817 3003 ending,
1850 2922 1884 2951 “
1908 2917 2154 2982 Datum
2185 2924 2256 2983 et
2282 2922 2508 2983 actum
2536 2936 2730 2992 anno,
2762 2914 2868 2980 dic
2897 2920 2968 2981 et
2997 2915 3144 2981 loco

1128 3019 1577 3105 supradictis?
1664 3020 1805 3087 'rho
1834 3020 2335 3088 interlineation
2366 3021 2422 3087 is
2454 3019 2755 3087 omitted.

1635 3331 1732 3398 De
1774 3330 2061 3399 decimis
2103 3330 2186 3398 de
2229 3329 2613 3398 Haseltone.

1216 3495 1617 3580 Wakerley's
1675 3500 1998 3572 sentence,
2057 3498 2356 3580 separate
2374 3531 2462 3544 —
2481 3490 2876 3580 beyinniny,
2933 3499 2968 3528 “
2995 3492 3144 3560 Sub

1128 3621 1305 3666 anno
1334 3599 1603 3665 Domini
1633 3607 1727 3664 m⁰
1756 3599 2205 3665 ducentesimo
2232 3597 2656 3684 nonagesimo
2686 3617 2861 3663 nono
2891 3595 2926 3627 ”
2994 3647 3010 3663 .
3055 3648 3068 3662 .
3120 3646 3136 3661 .

1128 3702 1413 3789 endiny,
1457 3709 1493 3738 “
1515 3723 1666 3769 cum
1709 3701 2066 3768 eorundem
2117 3700 2352 3786 sigillis
2397 3705 2477 3767 ut
2519 3705 2706 3786 gesta
2756 3701 3012 3766 notorie
3067 3721 3140 3766 se

1129 3805 1489 3874 exhibeant
1517 3805 1932 3893 presentibus
1963 3809 2064 3871 est
2091 3825 2478 3892 appensum.
2564 3803 2838 3881 Datum,
2867 3802 3025 3871 etc.”

1137 4104 1469 4172 Walterus
1527 4102 1910 4190 Episcopus
1962 4098 2470 4272 Ψῃρονηιίὲηετῖε
2527 4099 2610 4167 de
2668 4100 2746 4168 H
2740 4099 3029 4168 aseltom
3080 4105 3142 4168 et

1938 4223 2252 4294 3a¹newor

1214 4361 1404 4449 [This
1432 4359 1716 4436 entered,
1746 4358 2098 4438 verbatim,
2126 4359 2352 4437 above,
2379 4357 2504 4424 No.
2537 4355 2790 4438 0001„
2819 4378 2886 4444 p.
2918 4356 3136 4424 33⁷—-

1128 4463 1525 4551 beqinwimy,
1551 4471 1587 4500 “
1611 4462 1955 4528 Universis
1987 4461 2238 4528 Christi
2257 4461 2565 4528 fidelibus
2609 4512 2623 4528 .
2671 4507 2690 4526 .
2736 4506 2756 4526 .
2800 4459 3136 4527 Walterus

1128 4569 1555 4658 permissione
1585 4565 1832 4631 Divina
1862 4565 2179 4653 Wygorn'
2208 4565 2396 4633 Ecc'e
2437 4565 2740 4631 minister
2764 4563 2796 4594 ’'
2861 4611 2878 4628 .
2931 4614 2946 4629 .
2993 4615 3008 4630 .
3055 4616 3070 4631 .
3117 4610 3134 4628 .

1130 4671 1414 4750 melino,
1442 4671 1729 4738 “Actum
1752 4675 1821 4735 et
1851 4668 2100 4735 Datum
2124 4668 2461 4735 Londonie
2483 4669 2556 4736 in
2575 4669 2890 4755 Hospicio
2913 4672 3144 4736 nostro

1134 4777 1251 4844 IV.
1282 4775 1435 4843 Kal.
1470 4774 1731 4863 Aprilis,
1758 4792 1934 4838 anno
1957 4771 2226 4839 Domini
2254 4780 2352 4838 m·
2379 4781 2514 4840 ccc⁰
2540 4771 2996 4841 terciodecimo
3022 4793 3041 4853 ;
3071 4776 3146 4838 et

1132 4879 1665 4959 consecracionis,
1694 4897 1870 4954 vero,
1898 4875 2138 4944 Nostro
2169 4873 2489 4963 quinto.”]
