3731 6032
1533 1005 1653 1071 107

578 1166 923 1253 Sedynton
956 1173 1026 1235 et
1056 1169 1265 1235 Elena
1295 1189 1495 1234 uxore
1528 1168 1712 1233 eius:
1756 1188 1966 1233 unum
1999 1166 2410 1253 mesuagium
2444 1186 2593 1231 cum

578 1272 1005 1355 pertinenciis
1034 1273 1107 1337 in
1138 1272 1367 1338 eadem
1398 1272 1562 1337 villa
1590 1272 1673 1337 de
1697 1272 1954 1355 Agnete
1973 1270 2166 1337 Stace
2184 1269 2266 1335 de
2283 1268 2587 1335 Winche·

578 1374 851 1440 cumbe:
890 1398 1099 1441 unum
1146 1376 1558 1457 mesuagium
1606 1396 1758 1441 cum
1788 1374 2215 1461 pertinenciis
2245 1373 2316 1438 in
2361 1372 2591 1437 eadem

580 1477 741 1542 villa
800 1478 881 1544 de
946 1479 1224 1545 Ricardo
1273 1480 1355 1545 de
1406 1478 1861 1566 Sagesbarewe
1923 1477 2004 1543 de
2065 1475 2588 1563 Wynchcumbe:

578 1602 786 1647 unum
819 1584 1229 1669 mesuagium
1262 1605 1412 1650 cum
1442 1582 1868 1669 pertinenciis
1925 1582 1996 1646 in
2040 1582 2267 1647 eadem
2315 1580 2475 1645 villa
2505 1579 2586 1644 de

579 1684 871 1751 Waltero
904 1687 963 1752 le
998 1687 1207 1753 Skeot
1227 1688 1309 1752 de
1333 1685 1904 1771 Wynchecumbe:
1951 1708 2156 1750 unum
2179 1684 2583 1768 mesuagium

581 1809 729 1854 cum
763 1790 1188 1875 pertinenciis
1218 1792 1284 1854 in
1333 1790 1562 1855 eadem
1609 1789 1771 1855 villa
1813 1789 1897 1856 de
1927 1788 2208 1855 Ricardo
2240 1787 2476 1853 Michel
2512 1786 2594 1851 de

582 1890 1141 1978 Wynchecumbe‚
1176 1892 1575 1980 Capellano:
1623 1893 1755 1959 duo
1808 1892 2142 1976 mesuagia
2193 1913 2342 1957 cum
2387 1891 2591 1977 perti-

579 1995 829 2060 nenciis
918 1996 990 2061 in
1068 1996 1296 2062 eadem
1357 1996 1519 2061 villa
1577 1996 1660 2061 de
1722 1995 1951 2071 Adam,
2009 1995 2147 2061 filio
2209 1994 2476 2059 Radulfi
2533 1994 2595 2059 16

584 2096 880 2164 Someter
925 2100 1007 2165 de
1062 2100 1428 2186 Sndeleye:
1475 2121 1683 2164 unum
1736 2100 2145 2185 mesuagium
2193 2119 2344 2164 cum
2395 2098 2596 2184 perti·

580 2204 829 2269 nenciis
888 2204 961 2269 in
1022 2204 1250 2269 eadem
1324 2204 1482 2268 villa
1541 2204 1623 2268 de
1683 2203 1954 2279 Thoma,
2011 2202 2150 2268 filio
2209 2202 2458 2267 Thome
2516 2200 2598 2266 de

581 2305 881 2391 Teynton
941 2305 1021 2372 de
1078 2306 1646 2393 Wynchecumbe:
1713 2328 1920 2370 unum
1982 2306 2394 2391 mesuagium
2446 2324 2597 2370 cum

580 2411 1003 2495 pertinenciis
1046 2411 1119 2475 in
1163 2410 1392 2475 eadem
1438 2410 1600 2475 villa
1653 2409 1735 2474 de
1766 2408 2081 2486 Waltero,
2109 2408 2246 2475 filio
2275 2407 2595 2473 Willelmi

579 2512 641 2578 le
676 2514 1039 2579 Muleward
1087 2514 1168 2579 de
1212 2514 1682 2599 Teukesbury:
1728 2534 1934 2578 unum
1982 2514 2393 2599 mesuagium
2445 2534 2595 2580 cum

580 2618 1003 2703 pertinenciis
1078 2617 1151 2681 in
1219 2618 1445 2683 eadem
1491 2617 1653 2682 villa
1705 2617 1786 2682 de
1847 2616 2141 2682 Waltero
2194 2616 2275 2681 de
2339 2616 2598 2683 Karent

459 2782 466 2789 .
582 2720 663 2785 de
730 2720 1267 2805 Wynchecumbe
1343 2727 1411 2787 et
1486 2720 1777 2787 Goditha
1851 2743 2056 2786 uxore
2131 2721 2313 2785 eius:
2391 2742 2597 2786 unum

581 2826 996 2908 mesuagium
1026 2846 1176 2890 cum
1207 2826 1633 2911 pertinenciis
1662 2826 1734 2889 in
1765 2824 1992 2890 eadem
2017 2824 2177 2890 villa
2199 2824 2280 2889 de
2299 2812 2600 2890 Iohanne

583 2926 824 3013 Moryn
900 2926 983 2992 de
1045 2927 1616 3014 Wynchecumbez
1695 2950 1903 2993 unum
1963 2928 2374 3014 mesuagium
2447 2949 2599 2991 cum

580 3032 1004 3118 pertinenciis
1049 3032 1133 3097 de
1182 3033 1464 3098 Ricardo
1517 3032 1579 3097 le
1632 3031 1882 3099 Catour
1911 3032 1993 3097 de
2024 3032 2598 3118 Wynchecumbe:

580 3157 783 3201 unam
814 3156 1033 3201 acram
1080 3145 1251 3200 terre
1297 3156 1446 3202 curn
1477 3136 1902 3222 pertinenciis
1933 3137 2003 3200 in
2048 3136 2276 3201 eadem
2310 3136 2470 3201 villa
2516 3136 2598 3202 de

580 3240 841 3326 Agnete
898 3239 1268 3324 Aderwyne
1329 3240 1410 3304 de
1465 3238 1697 3318 Cotes3
1763 3240 1928 3304 duas
1979 3262 2160 3306 acras
2209 3242 2384 3326 prati
2445 3263 2594 3307 cum

579 3344 1005 3430 pertinenciis
1070 3343 1140 3406 in
1194 3343 1422 3410 eadem
1472 3343 1633 3408 villa
1701 3344 1782 3408 de
1842 3343 2124 3409 Ricardo
2197 3345 2595 3430 Bordesleyz

580 3452 715 3512 tres
746 3446 1061 3511 solidatas
1095 3446 1394 3512 redditus
1425 3468 1575 3513 cum
1606 3447 2028 3532 pertinenciis
2059 3448 2126 3511 in
2174 3447 2402 3512 eadem
2433 3448 2596 3512 villa

584 3550 666 3614 de
727 3548 1041 3626 Iohanne,
1098 3550 1238 3615 filio
1296 3549 1614 3614 Willelmi
1675 3549 1756 3614 de
1816 3549 1988 3616 Roos
2048 3549 2130 3615 de
2209 3551 2600 3637 Wygornia:

581 3661 715 3718 tres
789 3648 1104 3717 solidatas
1166 3653 1464 3718 redditus
1524 3675 1676 3719 cum
1736 3655 2162 3740 pertinenciis
2225 3655 2296 3719 in
2371 3655 2598 3720 eadem

581 3756 745 3820 villa
790 3755 872 3821 de
918 3755 1212 3821 Iohanne
1266 3756 1589 3842 Sudeley:
1634 3779 1844 3822 unum
1892 3760 2320 3844 mesuagium,
2354 3761 2593 3845 viginti

582 3867 650 3925 et
694 3881 811 3924 sex
864 3880 1046 3924 acras
1100 3863 1270 3924 terre
1316 3865 1384 3925 et
1436 3883 1645 3925 unum
1693 3882 1913 3926 acram
1963 3865 2134 3946 prati
2189 3885 2339 3928 cum
2390 3866 2590 3950 perti·-

580 3961 831 4028 nenciis
862 3962 935 4025 in
979 3961 1205 4027 eadem
1252 3962 1431 4040 villa,
1462 3967 1530 4029 et
1576 3963 1773 4030 Cotes
1820 3966 2014 4030 iuxta
2047 3965 2600 4051 Wyuehecumbe,
2628 3969 2686 4020 in
2725 3969 2908 4030 (ἕπευ

583 4064 665 4130 (16
698 4063 963 4141 Editha‚
994 4086 1122 4150 que
1153 4064 1288 4131 fuit
1320 4087 1482 4130 uxor
1514 4067 1825 4132 Willelmi
1856 4068 1918 4132 le
1951 4069 2198 4133 Ferour
2243 4069 2324 4135 de
2356 4070 2552 4136 Cotes
2581 4097 2596 4136 ε

583 4190 793 4233 unum
823 4168 1274 4234 molendinum
1307 4175 1375 4234 et
1406 4191 1517 4235 sex
1546 4192 1728 4236 acras
1774 4177 1946 4236 terre
1977 4177 2045 4236 et
2074 4172 2419 4239 dimidiam
2448 4197 2598 4240 cum

582 4272 1013 4358 pertinenciis
1058 4273 1131 4336 in
1176 4272 1421 4336 eisdem
1468 4273 1645 4338 villis
1689 4273 1771 4338 de
1820 4274 2176 4341 Willielmo
2221 4277 2600 4362 Adrewyne

585 4376 667 4440 de
699 4375 930 4440 Cotes:
976 4374 1141 4439 duas
1171 4396 1353 4440 acras
1396 4381 1568 4442 terre
1611 4398 1761 4442 cum
1793 4379 2218 4463 pertinenciis
2263 4381 2328 4443 in
2371 4381 2602 4446 eadem

585 4479 747 4543 villa
780 4477 861 4542 de
895 4477 1090 4543 Cotes
1114 4478 1195 4562 de
1227 4478 1521 4544 Iohanne
1543 4480 1897 4545 Meleward
1920 4481 2001 4546 de
2035 4482 2601 4568 Wynchecumbe:

586 4603 791 4646 unam
823 4602 1039 4646 acram
1074 4583 1252 4667 prati
1295 4604 1443 4648 cum
1489 4584 1914 4669 pertinenciis
1959 4587 2031 4648 in
2077 4587 2302 4651 eadem
2339 4587 2492 4652 villa
2522 4588 2604 4654 de

582 4683 875 4749 Roberto
951 4683 1165 4750 Heort
1252 4685 1335 4750 de
1434 4684 1673 4752 Ootes:
1750 4693 1897 4754 octo
1991 4709 2173 4754 acras
2264 4696 2438 4756 terre
2531 4700 2599 4757 et

584 4787 1010 4852 medietatem
1043 4788 1241 4852 unius
1270 4809 1416 4854 acre
1445 4793 1619 4875 prati
1650 4811 1799 4857 cum
1825 4793 2250 4875 pertinenciis
2273 4795 2343 4859 in
2375 4797 2601 4862 eadem

585 4891 749 4956 villa
779 4891 1079 5051 esszGrete
1109 4892 1304 4959 iuxta
1337 4893 1869 4979 Wynchecumbe
1915 4895 1996 4961 de
2029 4897 2309 4982 Hugone
2362 4899 2423 4964 le
2455 4899 2600 4966 Ook
2631 4903 2687 4953 in
2715 4903 2897 4958 Grata
