3731 6032
1623 963 1745 1023 lxv.

523 1597 989 1682 [Emmaus
1057 1595 1690 1668 οοΝΤΕΝΤοΒυΜ,
1765 1599 1933 1671 QUE
2006 1599 2095 1657 m
2180 1597 2341 1657 noo
2412 1598 2842 1657 voLUMINE

1366 1725 2003 1810 1NVEN1UNTUR.]

531 1939 877 2016 Registrum
903 1935 1161 1994 Abbatie
1189 1934 1263 1993 de
1292 1933 1746 1996 Winchecombe
1775 1939 2003 1996 factum
2032 1947 2095 1995 a⁰
2122 1939 2172 1996 l.
2208 1939 2282 1996 H.
2316 1937 2371 2010 6,
2402 1938 2482 1996 Αο
2512 1937 2635 1998 1)ῆί
2668 1939 2842 2000 1422.

528 2036 881 2096 commissio
911 2033 1186 2111 Episcopi
1213 2050 1324 2091 suo
1352 2034 1752 2092 commissario
1779 2037 1960 2093 missa
2000 2055 2107 2114 pro
2148 2037 2533 2112 inquisicione
2574 2035 2845 2095 facienda

694 2133 769 2192 de
799 2132 1106 2192 Eleccione
1133 2130 1420 2190 Iohannis
1446 2129 1839 2191 Cheltenham
1863 2132 2133 2192 Abbatis.

531 2231 925 2291 confirmacio
953 2229 1134 2306 Regis
1161 2228 1426 2288 Heni-ici.

532 2329 926 2388 Confirmacio
982 2327 1307 2385 Eleccionis
1376 2324 1660 2386 Iohannis
1714 2327 2097 2387 Cheltinham
2166 2329 2229 2386 in
2304 2328 2604 2388 Abbatem
2671 2329 2847 2386 Anno

700 2426 836 2485 D'ni
871 2424 1113 2483 mill’mo
1141 2431 1346 2484 ccccm
1371 2425 1534 2482 xxii0.
2780 2415 2783 2418 ⁴

537 2524 820 2584 Indnccio
859 2523 1088 2582 Fratris
1115 2520 1399 2582 Iohannis
1427 2521 1810 2582 Cheitinham
1836 2524 2092 2582 Abbatis
2140 2523 2625 2600 Wynchecumbe
2670 2524 2848 2582 Anno

695 2621 834 2680 D'ni
867 2619 1110 2678 mill’mo
1137 2619 1434 2678 ccccxxii0.

537 2719 738 2778 Litera
791 2716 1168 2776 intendencie
1209 2716 1476 2775 omnium
1518 2719 1856 2776 tenentium
1901 2718 2203 2777 Abbathie
2242 2717 2318 2777 de
2366 2718 2849 2796 Wynchecumbe

697 2815 1356 2875 consuetudinariorum
1395 2813 1636 2873 domino
1679 2813 1933 2874 Iohanni
1976 2816 2359 2876 Cheltinham
2407 2817 2627 2876 Abbati
2668 2819 2849 2876 Anno

701 2914 944 2973 Henrici
972 2913 1132 2971 Sexti
1163 2913 1372 2990 primo.

536 3011 737 3072 Litera
789 3011 1208 3071 testimonialis
1249 3009 1474 3069 domini
1517 3011 1800 3071 Iohannis
1843 3011 2229 3072 Cheltinham
2272 3012 2523 3073 Abbatis
2556 3013 2850 3092 Wynche·

697 3111 928 3169 cumbe.

536 3208 711 3267 Bulla
751 3207 1152 3267 exhibicionis.
1237 3208 1417 3280 Nota,
1448 3208 1606 3284 quod
1648 3210 1766 3267 ista
1805 3207 1975 3267 bulla
2013 3209 2195 3268 debet
2237 3210 2501 3268 exhiberi
2542 3210 2604 3268 in

693 3304 1058 3363 Visitacione
1086 3304 1360 3382 Episcopi
1391 3312 1456 3363 et
1481 3322 1600 3363 non
1642 3306 1760 3363 alia
1896 3339 1917 3347 -
2238 3340 2260 3348 -
2582 3340 2604 3349 -
2685 3307 2722 3364 i.

535 3402 906 3462 Irrotuiatur
932 3404 996 3461 in
1023 3403 1422 3461 memorandis
1449 3402 1736 3461 Scaccarii
1767 3404 1927 3462 inter
1952 3404 2197 3462 recorda
2233 3404 2307 3463 de
2349 3405 2605 3463 termino

697 3502 920 3560 Sancte
975 3500 1306 3572 Trinitatis,
1366 3519 1526 3559 anno
1578 3502 1792 3576 quinto
1845 3501 2075 3560 decimo
2130 3500 2311 3578 Regis
2366 3501 2605 3560 Ricardi

699 3600 962 3659 Secundi
991 3619 1060 3657 ex
1087 3608 1260 3677 parte
1289 3600 1789 3659 Rememoratoris
1815 3598 2195 3659 Thesaurarii
2235 3634 2257 3642 -
2581 3634 2599 3641 -
2683 3600 2742 3657 ii.

540 3698 908 3756 Irrotulatur
949 3697 1346 3757 memorandis
1385 3698 1672 3757 Scaccarii
1721 3700 1881 3757 inter
1926 3698 2194 3757 Recorda
2230 3698 2303 3756 de
2348 3699 2604 3757 termino

698 3796 920 3855 Sancte
973 3794 1303 3866 Trinitatis,
1363 3812 1520 3853 anno
1575 3796 1787 3871 quinto
1841 3796 2072 3854 decimo
2141 3796 2321 3873 Regis
2365 3795 2603 3854 Ricardi

696 3893 956 3952 Secundi
987 3911 1056 3949 ex
1083 3898 1254 3969 parte
1283 3892 1780 3951 Rememoratoris
1805 3893 2185 3953 Thesaurarii
2238 3927 2258 3936 -
2581 3928 2603 3936 -
2684 3894 2763 3951 iii.

537 3990 992 4048 Memor-andum
1016 3989 1093 4048 de
1122 3989 1421 4049 Theloneo
1547 4024 1569 4033 -
1894 4028 1913 4036 -
2241 4026 2261 4035 -
2585 4024 2605 4033 ·
2688 3993 2764 4048 iv.

537 4085 628 4143 De
655 4086 996 4163 pulsacione
1023 4104 1448 4164 campanarum
1477 4085 1735 4146 Ecclesia
1774 4089 1981 4145 Sancti
2008 4088 2171 4146 Petri
2214 4088 2288 4147 de
2316 4088 2607 4166 Wynche·

700 4183 912 4243 cumbe
1892 4219 1913 4227 -
2582 4220 2603 4229 -
2686 4206 2737 4243 v.

539 4280 718 4339 Bulla
758 4300 868 4359 pro
921 4281 1162 4341 domino
1209 4280 1445 4340 Abbate
1499 4282 1574 4341 de
1621 4282 2098 4361 Wynchecombe
2140 4303 2318 4362 super
2362 4284 2607 4362 pulsum

700 4398 1122 4457 campanarum
1209 4414 1230 4424 -
1351 4423 1356 4430 .
1553 4414 1572 4423 -
1898 4416 1919 4423 -
2583 4416 2605 4426 -
2690 4384 2765 4439 vi.

539 4476 902 4536 Perdonacio
931 4474 1174 4536 Henrici
1214 4476 1395 4554 Regis
1556 4513 1568 4521 ·
1902 4512 1921 4521 -
2592 4514 2611 4523 ·
2692 4482 2790 4537 vii.

539 4574 714 4633 Bulla
741 4576 1082 4634 executoria
1107 4594 1288 4653 super
1312 4576 1498 4634 firmis
1525 4576 1847 4636 tradendis.
1963 4576 2246 4636 Urbanus
2274 4578 2435 4656 Papa
2464 4580 2538 4636 vi.
2584 4612 2606 4621 -
2686 4580 2806 4639 viiii

541 4672 716 4731 Bulla
754 4674 1022 4749 graciosa
1060 4692 1169 4750 pro
1208 4674 1396 4732 firmis
1433 4673 1741 4733 tradendis
1777 4675 2002 4751 absque
2040 4674 2287 4734 licencia
2326 4675 2608 4735 ordinari-

697 4788 886 4829 orum.
975 4769 1258 4829 Urbanus
1286 4770 1450 4849 Papa
1477 4772 1553 4829 vi.
2242 4806 2262 4815 —
2586 4808 2629 4861 -ὗ
2688 4775 2766 4832 ix.

537 4866 630 4926 De
657 4868 838 4926 mitra
864 4876 929 4927 et
953 4868 1197 4926 annulo.
1283 4868 1635 4928 Bonefacius
1665 4868 1830 4947 Papa
1897 4903 1917 4912 -
2241 4904 2263 4913 -
2594 4906 2615 4917 -
2696 4892 2749 4931 x.
