3731 6032
2142 1008 2271 1071 420

762 1188 937 1243 Smith
951 1188 1007 1239 οι
1019 1188 1170 1239 Ovor-
1198 1178 1381 1239 carta
1432 1194 1579 1239 mea
1630 1172 2016 1239 confirmavi
2068 1172 2400 1261 Philippo,
2448 1172 2776 1259 Perpetuo
2823 1173 3086 1240 Vicario
3131 1172 3216 1239 de

766 1255 1173 1379 {ffi’ssssnissss‘}
1197 1275 1754 1363 Wynchecumba,
1784 1281 1853 1342 et
1895 1277 2189 1342 Waltero
2235 1276 2412 1353 Mile,
2459 1275 2838 1361 Capellano,
2867 1276 3000 1343 duo
3031 1281 3216 1343 tene·

770 1382 993 1446 wineh„
1014 1384 1116 1463 apd
1197 1386 1424 1445 menta
1473 1402 1620 1446 mea
1670 1381 1743 1445 in
1785 1380 1962 1446 Villa
2007 1380 2088 1446 de
2123 1380 2660 1466 Wynchecumba
2706 1402 2858 1445 cum
2905 1380 3214 1445 omnibus

770 1449 1173 1580 fflffainlffsssslao
1197 1482 1498 1560 edificiis,
1528 1484 1896 1569 curtilagiis
1928 1489 1997 1549 et
2025 1483 2331 1549 omnibus
2373 1483 2523 1549 aliis
2565 1484 2704 1548 suis
2749 1484 3177 1571 pertinenciis
3203 1507 3222 1563 ;

766 1582 1173 1707 Ξξξῗᾶξζ·
1198 1585 1280 1650 de
1324 1586 1567 1668 quibus
1610 1588 2028 1664 tenementis,
2057 1608 2266 1651 unum
2311 1591 2764 1652 tenementum
2809 1588 3103 1652 situatur
3142 1588 3216 1651 in

762 1711 871 1760 end
926 1710 1016 1760 the
1069 1681 1172 1759 tm}
1198 1688 1607 1755 Betarestret
1627 1690 1803 1754 inter
1822 1696 2276 1754 tenementum
2289 1688 2568 1755 Abbatis
2587 1689 2668 1754 de
2680 1689 3217 1775 Wynchecumba

766 1775 1173 1890 ἓᾞζοζξιὲἓ
1198 1812 1282 1857 ex
1312 1796 1500 1877 parte
1533 1814 1684 1869 una,
1714 1799 1783 1858 et
1813 1798 2287 1869 tenementum,
2319 1792 2490 1878 quod
2524 1793 2662 1859 fuit
2703 1814 2920 1880 nuper
2946 1792 3212 1859 Radulfi

764 1905 983 1955 κήδεά.
1197 1893 1620 1981 Palfreymon
1664 1919 1748 1961 ex
1793 1904 1982 1983 parte
2025 1896 2276 1974 altera;
2318 1895 2520 1972 aliud,
2550 1918 2730 1975 vero,
2762 1901 3214 1963 tenementum

1196 1998 1487 2063 situatur
1558 2000 1630 2063 in
1689 1999 1854 2065 Vico
1913 2000 1996 2065 de
2055 1999 2466 2074 Northstret,
2527 2000 2703 2065 inter
2760 2005 3215 2066 tenementum

1197 2100 1515 2166 Willelmi
1546 2101 1723 2187 Iolyf
1752 2124 1833 2167 ex
1865 2110 2054 2189 parte
2085 2124 2220 2168 una
2250 2103 2348 2187 [et
2377 2102 2861 2189 tenementum]
2900 2103 3216 2168 Willelmi

1199 2204 1343 2270 Ode
1374 2227 1457 2270 ex
1488 2210 1677 2292 parte
1707 2206 1932 2271 altera.
2021 2206 2215 2281 Dedi,
2246 2206 2470 2283 eciam,
2501 2207 2786 2272 concessi
2819 2212 2887 2271 et
2918 2206 3044 2273 hac
3065 2228 3218 2294 pre·

1198 2308 1369 2373 senti
1388 2312 1569 2374 carta
1590 2330 1738 2373 mea
1760 2310 2140 2375 confirmavi
2163 2309 2476 2396 predictis
2498 2308 2807 2397 Philippo
2832 2319 2900 2374 et
2920 2309 3213 2376 Waltero

1198 2412 1363 2475 duas
1392 2432 1575 2476 acras
1606 2416 1675 2476 et
1705 2411 2052 2477 dimidiam
2097 2417 2270 2478 terre
2315 2412 2620 2490 arabilis;
2661 2426 2732 2476 et
2762 2413 2928 2477 duas
2956 2413 3217 2499 placeas

1196 2517 1371 2601 prati
1405 2536 1554 2580 cum
1584 2514 1890 2580 omnibus
1919 2517 2056 2580 suis
2087 2516 2512 2602 pertinenciis
2543 2516 2832 2581 iacentes
2863 2517 2934 2580 in
2965 2518 3214 2604 campis

1197 2616 1279 2683 de
1304 2617 1494 2683 Cotes
1518 2641 1536 2693 3
1582 2619 1758 2683 unde
1790 2640 1924 2683 una
1951 2640 2104 2684 acra
2131 2619 2302 2685 iacet
2330 2618 2509 2704 apud
2534 2618 2854 2705 Edbrugg
2881 2643 2896 2699 ;
2941 2619 3218 2685 dimidia

1196 2744 1347 2787 acra
1377 2722 1548 2787 iacet
1576 2721 1753 2809 apud
1784 2722 1845 2787 le
1872 2720 2702 2808 Wynnyarhurne[hegge]
2728 2747 2743 2803 3
2788 2723 2920 2787 alia
2940 2722 3220 2788 dimidia

1198 2847 1349 2890 acra
1377 2826 1548 2891 iacet
1575 2825 1812 2891 subtus
1845 2825 2276 2911 Hidebegge·,
2320 2831 2389 2890 et
2433 2832 2568 2891 tres
2614 2825 2808 2891 butte
2847 2828 3068 2891 iacent
3095 2847 3218 2913 pro

1200 2928 1479 2994 dimidia
1510 2951 1664 2995 acra
1692 2929 1872 3016 apud
1892 2928 2486 3015 Ayllerycbesmor.
2563 2929 2662 2993 De
2691 2928 2953 2995 duabus
2973 2929 3220 3015 plaeeis

1198 3035 1376 3118 prati
1405 3033 1740 3120 predictis,
1773 3054 1908 3098 una
1935 3033 2163 3118 placea
2193 3037 2468 3098 vocatur
2496 3041 2529 3066 “
2548 3032 3164 3119 Ayllerychestnore
3181 3032 3221 3063 ”

1198 3139 1393 3202 iuxta
1434 3137 1763 3223 predictas
1807 3140 1944 3201 tres
1988 3135 2218 3202 buttas
2257 3140 2467 3210 terre;
2509 3140 2578 3200 et
2620 3134 2753 3200 alia
2782 3135 3011 3221 placea
3039 3138 3216 3224 prati

1203 3250 1473 3310 vocatur
1532 3249 1565 3278 ‘⁴
1584 3242 2010 3329 Pyrymede,”
2081 3246 2151 3307 et
2207 3243 2381 3306 iacet
2441 3241 2513 3304 in
2557 3241 2807 3325 campis
2861 3239 2944 3304 de
3003 3239 3222 3306 Oetes,

1201 3348 1530 3413 Habenda
1551 3353 1619 3413 et
1642 3345 1932 3413 tenenda
1947 3345 2245 3433 predicta
2263 3344 2395 3409 duo
2415 3347 2817 3419 tenementa,
2835 3343 3001 3408 duas
3019 3363 3222 3421 acras,

1200 3457 1271 3517 et
1292 3450 1633 3515 dimidiam
1666 3454 1841 3516 terre
1870 3454 1940 3514 et
1984 3448 2149 3514 duas
2192 3448 2450 3535 placeas
2496 3447 2672 3534 prati
2715 3467 2867 3512 cum
2911 3445 3222 3512 omnibus

1200 3555 1336 3620 suis
1410 3554 1835 3640 pertinenciis
1908 3551 2224 3639 predictis
2298 3549 2604 3637 Philippo
2665 3555 2735 3615 et
2797 3549 3089 3615 Waltero
3147 3555 3224 3616 et

1200 3657 1553 3722 heredibus
1582 3661 1651 3722 et
1692 3657 2048 3743 assignatis
2090 3656 2229 3721 suis
2274 3654 2356 3720 de
2403 3652 2674 3737 capitali
2727 3653 2994 3720 domino
3039 3653 3222 3718 feodi

1201 3761 1383 3827 illius
1405 3783 1523 3847 per
1552 3761 1829 3826 servicia
1851 3759 2008 3825 inde
2039 3760 2266 3824 debita
2289 3764 2357 3824 et
2379 3757 2460 3822 de
2478 3757 2623 3822 iure
2647 3762 2978 3836 consueta,
2996 3756 3221 3834 libere,

1204 3867 1444 3951 quiete,
1492 3864 1655 3930 bene
1701 3870 1769 3929 et
1820 3864 1894 3929 in
1943 3885 2100 3950 pace
2144 3864 2649 3950 imperpetuum.
2739 3861 2828 3925 Et
2873 3883 3017 3946 ego,
3047 3883 3226 3937 vero,

1204 3967 1535 4033 Iohannes
1580 3967 1862 4054 Smythe
1907 3973 1977 4033 et
2019 3966 2293 4032 heredes
2337 3966 2466 4029 mei
2511 3963 2812 4051 predicta
2863 3965 2996 4029 duo
3039 3969 3222 4029 tene-

1201 4077 1445 4148 menta,
1476 4071 1639 4137 duas
1682 4092 1865 4137 acras
1911 4076 1980 4136 et
2023 4069 2368 4134 dimidiam
2413 4073 2604 4140 terre.
2637 4073 2707 4133 et
2751 4067 2918 4132 duas
2961 4068 3221 4153 placeas

1200 4176 1377 4261 prati
1407 4197 1558 4240 cum
1587 4175 1896 4240 omnibus
1924 4174 2062 4238 suis
2107 4172 2532 4260 pertinenciis
2561 4171 2878 4257 predictis
2908 4170 3222 4258 Philippo

1201 4283 1271 4344 et
1304 4277 1614 4354 Walter0,
1642 4276 1998 4343 heredibus
2041 4281 2110 4341 et
2153 4277 2505 4362 assignatis
2547 4276 2686 4340 suis
2730 4281 2964 4341 contra
2992 4295 3218 4341 omnes

1200 4387 1429 4466 gentes
1457 4380 2053 4456 warantizabimus,
2082 4379 2602 4466 acquietabimus
2633 4384 2703 4443 et
2731 4377 3222 4463 imperpetuum

1203 4484 1654 4551 defendemus.
1744 4485 1829 4548 In
1879 4484 2068 4549 cuius
2113 4484 2208 4548 rei
2253 4482 2710 4548 testimonium
2739 4479 2898 4547 huic
2927 4481 3221 4568 presenti

1201 4594 1383 4655 carte
1432 4611 1574 4654 mee
1624 4587 1922 4674 sigillum
1981 4609 2203 4653 meum
2261 4586 2555 4672 apposui.
2679 4584 2831 4650 Hiis
2891 4584 3174 4650 testibus
3205 4608 3227 4665 ;

774 4697 844 4747 fo.
868 4695 982 4750 367.
1204 4691 1483 4758 Ricardo
1536 4689 1927 4767 Webbeleie,
1973 4690 2285 4765 Iuniore3
2347 4688 2630 4755 Ricardo
2692 4688 2912 4772 Keys3
2972 4687 3225 4754 Thema

1204 4794 1528 4880 Stodlegh
1557 4818 1575 4874 ;
1618 4793 1681 4858 N
1685 4793 1940 4860 icholao
1984 4794 2046 4859 le
2092 4793 2368 4872 Webbe;
2413 4792 2704 4858 Henrico
2736 4791 2916 4859 Coke
2943 4797 3013 4858 et
3054 4791 3223 4858 aliis,

1202 4899 1383 4964 Data
1439 4897 1622 4985 apud
1682 4896 2294 4983 Wynchecumbam
2345 4895 2470 4961 Die
2514 4895 2870 4962 Dominica
2901 4895 3229 5001 'prexima
3333 4963 3340 4972 ‚
