3731 6032
1490 982 1615 1047 129

542 1142 821 1205 mortem
864 1141 1073 1225 ipsius
1101 1143 1383 1229 Agnetis
1434 1142 1690 1225 ingredi
1737 1140 2012 1228 possint,
2042 1143 2111 1205 et
2163 1142 2387 1205 tenere
2430 1136 2561 1202 sibi⁴

539 1247 609 1308 et
636 1245 1114 1311 successoribus
1141 1248 1279 1313 suis
1309 1246 1624 1333 predictis
1653 1244 1741 1313 ad
1770 1242 2259 1321 inveniendam,
2277 1241 2560 1328 singulis

539 1343 791 1423 diebus,
842 1348 1088 1415 dictam
1135 1350 1507 1437 lampadem
1556 1349 1898 1414 ardentem
1949 1346 2033 1413 ad
2079 1348 2350 1413 Missam
2411 1369 2556 1434 pre-

540 1448 783 1517 dictam
835 1475 1052 1519 coram
1114 1454 1333 1519 Altari
1395 1453 1689 1540 predicto
1752 1455 1823 1519 in
1894 1452 2186 1545 Ecclesia
2246 1451 2564 1537 predicta,

541 1554 1050 1642 imperpetuum,
1077 1558 1251 1623 sicut
1284 1558 1651 1641 predictum
1696 1561 1815 1632 est,
1860 1561 2090 1631 tenore
2150 1556 2561 1642 presencium

544 1658 849 1725 similiter
902 1660 1241 1727 licenciam
1294 1660 1597 1726 dedimus
1664 1660 2360 1747 specialem—statuto
2411 1676 2566 1745 'pre-

545 1760 723 1827 dicto
753 1784 887 1829 non
917 1763 1237 1829 obstante.
1318 1764 1652 1841 Nolentes,
1682 1763 1860 1850 quod
1886 1763 2164 1849 predicti
2198 1762 2566 1849 Philippus,

546 1864 867 1943 vicarius,
913 1872 983 1933 et
1041 1867 1411 1933 Willelmus
1459 1868 1559 1933 vel
1605 1868 1878 1933 heredes
1940 1868 2061 1941 sui,
2113 1871 2234 1931 aut
2285 1865 2567 1951 predicti

548 1968 771 2036 Abbas
802 1975 871 2037 et
915 1972 1297 2038 Conventus
1330 1971 1433 2038 vel
1482 1994 1875 2038 successores
1932 1972 2053 2039 sui.
2115 1970 2370 2035 racione
2419 1990 2569 2053 pre-

550 2074 895 2139 missorum
942 2082 1063 2142 aut
1124 2078 1362 2143 statuti
1424 2076 1729 2162 predicti,
1784 2098 1900 2161 per
1957 2096 2072 2139 nos
2132 2074 2242 2139 vel
2300 2072 2570 2138 heredes

551 2182 828 2256 nostros,
878 2201 990 2245 seu
1050 2182 1390 2246 ministros
1449 2184 1707 2245 nostros
1767 2200 2194 2265 quoscunque
2255 2178 2409 2243 inde
2469 2199 2571 2244 oc·

551 2283 972 2349 casionentur
1026 2286 1099 2348 in
1147 2284 1393 2369 aliquo,
1440 2306 1556 2349 seu
1609 2287 1984 2370 graventur.
2076 2281 2296 2347 Salvis
2347 2288 2575 2347 tamen

548 2387 945 2472 capitalibus
976 2388 1259 2454 dominis
1290 2388 1471 2453 feodi
1502 2388 1682 2452 illius
1713 2387 2010 2452 serviciis
2041 2384 2198 2449 inde
2231 2384 2474 2449 debitis
2507 2390 2575 2450 et

553 2493 899 2556 consuetis.
945 2491 1029 2556 In
1058 2492 1245 2558 cuius
1268 2493 1360 2557 rei
1394 2492 1850 2557 testimonium
1881 2490 1999 2554 has
2027 2489 2284 2554 litteras
2315 2492 2575 2554 nostras

554 2592 697 2659 fieri
757 2593 1037 2661 fecimus
1096 2600 1419 2681 patentes.
1538 2595 1733 2661 Teste
1806 2594 2058 2680 Meipso
2111 2592 2291 2677 apud
2357 2592 2576 2658 West-

554 2702 1056 2777 monasterium3
1088 2705 1324 2787 quarto
1356 2700 1462 2765 die
1484 2699 1912 2779 Novembris;
1943 2719 2116 2763 anno
2149 2698 2334 2783 regni
2361 2700 2572 2763 nostri

553 2806 881 2872 tricesimo
912 2826 1103 2871 nono,

559 3042 881 3111 Licencia
912 3027 1143 3127 Regia*
1164 3041 1553 3110 batallandz·
1599 3049 1657 3108 et
1700 3041 2132 3109 hermelandi
2163 3041 2575 3109 Abbathiam

1240 3145 1322 3213 de
1363 3145 1892 3233 Wynchecwmbe.

648 3276 1014 3342 Edwardus
1075 3276 1198 3342 Dei
1260 3275 1515 3354 Gracia,
1567 3276 1713 3341 Rex
1776 3275 2018 3361 Anglie
2067 3281 2136 3343 et
2183 3277 2457 3343 Francie
2510 3283 2578 3342 et

566 3381 873 3447 dominus
906 3380 1247 3460 Hibernie‚
1280 3380 1606 3446 Omnibus
1635 3379 1914 3445 Ballivis
1959 3384 2028 3446 et
2069 3380 2376 3448 fidelibus
2419 3383 2576 3461 suis,

564 3485 653 3550 ad
683 3507 848 3572 quos
877 3489 1213 3572 presentes
1236 3484 1455 3550 littere
1483 3485 1923 3572 pervenerint,
1948 3483 2268 3552 Salutem.
2316 3485 2578 3565 Sciatis,

564 3589 741 3676 quod
773 3589 854 3655 de
884 3589 1104 3675 gracia
1134 3595 1359 3655 nostra
1389 3588 1679 3676 speciali,
1704 3588 1791 3653 ad
1821 3589 2322 3673 requisicionem
2353 3590 2576 3656 dilecti

564 3693 781 3760 clerici
832 3695 1065 3772 nostri,
1118 3693 1433 3758 {ohannis
1466 3692 1547 3758 de
1595 3693 1976 3771 Banketre,¹
2027 3694 2460 3759 concessimus
2510 3698 2580 3759 et

566 3797 907 3863 licenciam
967 3797 1269 3862 dedimus
1316 3819 1437 3882 pro
1512 3797 1723 3862 Nobis
1798 3801 1867 3862 et
1925 3797 2276 3863 heredibus
2335 3798 2579 3864 nostris

567 3899 822 3967 dilect-is
882 3899 1095 3967 Nobis
1154 3901 1228 3966 in
1289 3899 1569 3979 christo,
1626 3901 1875 3966 Abbati
1935 3910 2002 3967 et
2061 3899 2438 3967 Conventui
2498 3902 2580 3967 de

570 4004 1106 4092 Wynchecumbe
1180 4008 1250 4070 et
1323 4026 1540 4069 eorum
1619 4004 2114 4082 successoribus,
2195 4004 2371 4092 quod
2453 4005 2579 4092 ipsi

565 4108 973 4174 Abbathiam
1047 4129 1237 4172 suam
1312 4106 1394 4172 de
1457 4107 1992 4193 Wynchecumbe
2051 4129 2129 4174 ac
2211 4108 2436 4174 domos
2511 4113 2580 4174 et

566 4212 825 4278 edificia
878 4210 1169 4276 eiusdem
1218 4233 1409 4278 muro
1457 4211 1539 4276 de
1589 4220 1778 4298 petra
1829 4218 1898 4277 et
1952 4211 2149 4277 calice
2204 4213 2465 4277 firmare
2514 4218 2584 4279 et

564 4315 947 4392 kernellare,
1006 4325 1074 4380 et
1133 4337 1212 4380 ea
1290 4315 1385 4381 sic
1458 4315 1723 4380 firmata
1802 4319 1872 4380 et
1931 4315 2302 4381 kernellata
2359 4322 2584 4382 tenere

564 4422 821 4509 possint
864 4419 992 4486 sibi
1052 4425 1121 4485 et
1166 4419 1646 4485 successoribus
1690 4421 1847 4496 suiS,
1899 4420 2410 4506 imperpetuum,
2439 4421 2583 4486 sine

570 4525 903 4592 occasione
957 4524 1066 4589 vel
1120 4523 1593 4608 impedimento
1640 4523 1865 4588 Nostri
1917 4524 2016 4588 vel
2066 4523 2383 4589 heredum
2435 4546 2583 4590 nos·

564 4618 845 4708 trorum,
906 4627 1447 4705 Iusticiariorum,
1498 4628 1942 4704 Escaetorum‚
1991 4626 2485 4705 vicecomitum,
2515 4633 2585 4694 et

636 4795 653 4827 ¹
687 4795 925 4846 Receiver
947 4795 1002 4845 of
1026 4795 1274 4844 Petitions
1291 4795 1394 4844 and
1416 4795 1627 4858 Notary.
1694 4794 1856 4844 Index
1878 4800 1925 4844 to
1949 4794 1978 4818 “
1993 4793 2128 4844 Rana
2149 4793 2209 4857 of
2227 4793 2584 4856 Parliament,”

568 4895 619 4944 p.
644 4880 722 4930 92.

2602 3062 2845 3114 LXVIII.

2601 3294 2664 3347 47
2683 3295 2899 3344 Edward
2907 3295 3005 3345 111.

2602 3361 2632 3408 5
2651 3360 2838 3421 March,
2860 3359 3004 3413 1373.

2601 3426 2811 3476 Licence
2833 3431 2889 3476 to

2601 3490 2845 3541 embattle
2900 3491 3002 3540 and

2599 3556 2867 3607 crenellate
2910 3556 3006 3606 the

2600 3622 2794 3686 Abbey.

2603 4136 2681 4190 so.
2703 4139 2814 4191 111.
