3731 6032
1445 967 1569 1036 53⁷

498 1157 823 1204 annorum
862 1141 1014 1225 post
1044 1137 1267 1202 datam
1298 1137 1707 1224 presencium
1744 1137 2047 1223 proximo
2079 1137 2518 1222 sequentium,

498 1241 556 1306 si
613 1242 947 1329 predictus
1000 1241 1326 1306 Robertus
1377 1245 1570 1307 tanto
1622 1246 1917 1328 tempore
1978 1242 2242 1320 vixerit,
2299 1246 2402 1308 set
2459 1243 2516 1306 si

498 1346 844 1432 contingat
888 1346 1259 1433 predictum
1312 1345 1675 1411 Robertum
1734 1345 1916 1410 infra
1967 1347 2324 1411 terminum
2370 1367 2516 1431 pre-

498 1448 826 1516 dictorum
891 1471 1215 1515 annorum
1290 1449 1601 1516 decedere
1660 1448 1868 1535 (quod
1925 1449 2151 1533 absit),
2210 1471 2296 1514 ex
2355 1453 2516 1515 tunc

498 1553 799 1620 concedit
815 1553 1149 1641 predictus
1168 1553 1495 1618 Robertus
1518 1574 1636 1640 per
1652 1557 2006 1640 presentes),
2031 1553 2206 1637 quod
2230 1553 2511 1640 predicti

500 1657 746 1744 viginti
767 1657 897 1722 duo
918 1657 1112 1722 solidi
1136 1665 1205 1722 et
1224 1662 1359 1722 tres
1382 1656 1635 1722 denarii
1653 1658 1860 1721 annui
1883 1656 2182 1723 redditus
2201 1657 2515 1744 predictis

501 1761 751 1826 Abbati
782 1767 851 1826 et
881 1761 1251 1827 Conventui
1298 1765 1367 1826 et
1394 1760 1875 1827 successoribus
1904 1761 2042 1826 suis
2085 1761 2334 1847 absque
2363 1783 2515 1828 con-

502 1864 898 1930 tradictione
935 1865 1041 1930 vel
1084 1864 1557 1952 impedimento
1600 1863 1920 1930 heredum
1951 1864 2061 1929 vel
2090 1870 2516 1930 executorum

503 1990 621 2034 seu
649 1969 1134 2055 assignatorum
1162 1989 1431 2034 suorum
1463 1989 2004 2054 quorumcunque
2022 1967 2280 2053 integre
2299 1988 2518 2033 rever·

502 2077 738 2137 tantur
810 2077 878 2138 et
950 2076 1351 2150 remaneant,
1410 2071 2104 2158 imperpetuum—ita,
2159 2071 2336 2157 quod
2394 2092 2515 2136 nec

505 2176 785 2262 predicti
830 2175 1057 2241 Abbas
1102 2181 1171 2240 et
1218 2173 1605 2242 Conventus
1652 2173 1758 2238 vel
1810 2195 2210 2240 successores
2261 2174 2365 2239 sui
2411 2174 2516 2239 vel

503 2279 745 2364 aliquis
787 2280 958 2345 alius
990 2302 1216 2345 eorum
1246 2279 1512 2344 nomine
1549 2280 1802 2344 dictum
1832 2299 2133 2343 annuum
2163 2278 2518 2356 redditum,

507 2382 790 2448 durante
818 2384 1103 2448 termino
1130 2383 1511 2469 supradicto
1538 2381 1869 2446 sexdecim
1899 2401 2242 2456 annorum,
2275 2382 2334 2445 si
2372 2403 2517 2467 pre-

506 2486 723 2553 dictus
748 2487 1072 2552 Robertus
1096 2492 1359 2552 tantum
1383 2485 1845 2572 supervixerit,
1869 2486 1940 2548 in
1963 2483 2179 2548 forma
2205 2484 2520 2570 predicta,

507 2593 771 2677 exigere
822 2596 1139 2678 poterunt
1188 2590 1295 2655 vel
1346 2591 1594 2677 poterit
1646 2591 1719 2653 in
1763 2588 2092 2653 futurum.
2204 2588 2288 2651 In
2332 2589 2521 2654 cuius

507 2697 604 2760 rei
634 2696 1088 2760 testimonium
1111 2694 1269 2759 huic
1290 2696 1535 2780 scripto
1552 2693 1986 2758 relaxacionis
2010 2692 2358 2757 indentato
2381 2697 2519 2757 tam

509 2798 671 2864 dicti
722 2798 947 2864 Abbas
998 2803 1069 2862 et
1118 2798 1502 2863 Conventus
1552 2796 1847 2883 sigillum
1907 2817 2103 2860 suum
2156 2817 2521 2874 commune,

508 2923 707 2988 quam
738 2903 1070 2988 predictus
1105 2901 1434 2968 Robertus
1478 2901 1770 2986 sigillum
1815 2920 2012 2964 suum
2051 2906 2516 2986 apposuerunt.

508 3005 759 3071 Datum
801 3005 980 3093 apud
1026 3005 1631 3092 Wynchecumbam
1675 3003 1749 3068 in
1792 3003 1990 3090 pleno
2035 3002 2160 3068 loci
2205 3002 2517 3089 capitulo,

508 3112 708 3177 tertio
733 3111 839 3176 die
862 3110 1183 3188 Octobris,
1204 3131 1380 3174 anno
1401 3109 1669 3173 Domini
1692 3106 2042 3172 millesimo
2059 3106 2520 3172 trecentesimo

511 3216 1055 3302 quinquagesimo
1084 3212 1385 3279 secundo,

2547 3391 2738 3441 DXVI.

638 3408 1018 3496 Εἰιρεπὺιιε,
1048 3408 1269 3494 Papa,
1300 3408 1380 3474 de
1406 3406 1817 3493 processione
1854 3404 2282 3471 villanorum
2325 3404 2407 3470 de
2547 3482 2602 3531 fo
2641 3481 2738 3533 475

1030 3512 1105 3576 H
1106 3510 1479 3597 o‘neyborne
1507 3512 1604 3576 ad
1634 3510 1982 3576 Evesham.

597 3625 953 3712 EugeniUS,
984 3624 1364 3711 EpiscopuS,
1394 3644 1625 3688 servus
1670 3642 2011 3687 servorum
2056 3620 2198 3699 Dei,
2243 3619 2522 3684 Dilectis
2547 3628 2579 3675 2
2600 3624 2717 3680 Jan.
2743 3629 2886 3677 1442.
2911 3694 2924 3705 ο

508 3730 699 3795 Filiis
751 3727 1305 3813 Wynchecombie
1349 3732 1418 3791 et
1463 3726 1872 3791 Gloucestrie
1923 3746 2000 3789 ac
2041 3723 2314 3809 Hayles,
2360 3723 2521 3807 Wy-
2547 3692 2708 3815 {2⁹3⁰
2728 3693 2951 3822 fhfflssssss·

501 3834 869 3921 gorniensis
886 3832 1251 3909 Dioceseos,
1260 3830 1806 3895 Monasteriorum
1819 3826 2212 3905 Abbatibus,
2222 3825 2522 3891 Salutem
2547 3822 2848 3951 ffiffiogf
2859 3824 2957 3937 ἷξε

506 3942 576 4002 et
617 3935 1066 4022 Apostolicam
1128 3934 1675 3999 Benedictionem.
1794 3932 2131 3997 Romanus
2190 3928 2523 4005 Pontifex,
2549 3950 2910 4003 winehoomb.

504 4049 890 4105 cunctorum
944 4034 1197 4103 Christi
1256 4036 1554 4101 fidelium
1617 4035 2094 4121 tranquillitati
2148 4034 2520 4114 intendem,
2547 4016 2950 4132 gemmato

504 4144 679 4208 votis
710 4142 844 4207 illis
888 4140 1171 4206 libenter
1200 4142 1456 4217 annuit,
1484 4162 1603 4226 per
1632 4161 1759 4224 que
1794 4140 1973 4204 inter
2001 4137 2230 4203 fideles
2260 4137 2520 4203 eosdem
2545 4146 2699 4197 Their
2731 4148 2948 4262 Kantion

502 4245 959 4311 scandalorum
989 4244 1312 4310 tollantur
1341 4243 1690 4330 precipicia
1717 4248 1785 4308 et
1814 4241 2193 4307 salubribus
2217 4242 2344 4327 ipsi
2373 4262 2522 4307 suc·
2545 4212 2786 4327 ἓιιίιῗζξὲσ
2803 4230 2946 4328 ἔξω

502 4349 789 4416 cessibus
862 4348 1299 4435 gratulentur.
1434 4348 1610 4413 Sane
1682 4368 1802 4433 pro
1876 4353 2065 4431 parte
2126 4345 2512 4411 dilectorum
2542 4294 2950 4458 ἓξέἲὲοῗέθὸῗέ

501 4454 787 4519 filiorum
808 4453 1287 4530 universorum,
1304 4452 1665 4517 incolarum
1690 4455 1758 4515 et
1774 4450 2229 4516 habitatorum
2248 4448 2409 4513 ville
2431 4448 2512 4513 de
2541 4471 2626 4532 11„
2678 4488 2710 4522 α
2781 4472 2796 4498 ⁶
2811 4473 2942 4538 eopi-

500 4556 948 4643 Honeyborne
978 4553 1592 4641 Wyncheombensi,
1621 4553 2124 4640 Wygorniensis
2151 4552 2512 4629 Dioceseos,
2539 4537 2946 4653 gffx’voflffipssff'

498 4661 689 4728 nobis
718 4681 929 4747 nuper
959 4659 1261 4724 exhibita
1288 4659 1529 4745 peticio
1558 4657 1942 4725 continebat
1965 4663 2106 4722 :—“
2129 4656 2325 4742 quod,
2355 4656 2512 4722 olim
2538 4667 2789 4745 Tpadq,

500 4766 743 4853 viginti
795 4785 914 4829 sex
964 4764 1157 4828 annis
1207 4763 1341 4827 iam
1403 4760 1681 4841 effluxis,
1731 4761 1942 4828 incole
1991 4765 2060 4826 et
2104 4759 2512 4826 habitatores
2539 4732 2664 4781 ΜΨ
2697 4730 2845 4784 cm

494 4871 643 4958 ipsi,
701 4866 1027 5031 {idelicet,
1080 4888 1252 4931 unus
1311 4866 1394 4931 de
1454 4866 1752 4951 quolibet
1809 4865 1946 4931 lare
2003 4886 2118 4930 seu
2181 4863 2513 4930 domicilio

771 4978 824 5030 V
