3731 6032
1511 1007 1550 1064 5

523 1150 794 1221 Christo
840 1156 995 1235 filio,
1051 1159 1542 1227 Archidiacono
1599 1165 1824 1227 nostro
1878 1160 2391 1237 Gloucestrensi,
2438 1158 2545 1223 vel

525 1256 666 1323 eius
698 1258 980 1325 Officiali
1009 1261 1314 1340 salutem,
1343 1262 1627 1349 gratiam
1655 1268 1728 1329 et
1760 1262 2305 1329 benediccionem.
2372 1261 2543 1328 Cum

525 1359 685 1438 Nos,
729 1364 1103 1430 examinato
1144 1364 1498 1451 diligenter
1541 1365 1810 1452 negocio
1860 1365 2201 1432 eleccionis
2248 1365 2419 1431 facte
2465 1365 2547 1429 de

525 1462 735 1531 fratre
821 1466 1118 1533 Iohanne
1207 1467 1653 1546 Oheltinham,
1743 1468 2063 1534 monacho
2154 1467 2545 1533 Monasterii

527 1567 1074 1654 Wyncbecombe,
1123 1570 1392 1636 Ordinis
1437 1572 1665 1639 Sancti
1705 1570 2067 1646 Benedicti,
2108 1570 2169 1633 N
2172 1574 2347 1636 ostre
2392 1570 2546 1635 Dio-

529 1691 762 1751 ceseOS,
803 1674 870 1737 in
915 1672 1241 1740 Abbatem
1293 1674 1586 1740 eiusdem
1635 1674 2026 1740 Monasterii
2074 1673 2299 1751 elect0,
2338 1674 2549 1759 ipsam

529 1774 917 1841 eleccionem
947 1776 1154 1842 fuisse
1183 1783 1253 1843 et
1283 1796 1422 1843 esse
1451 1778 1747 1865 legitime
1769 1775 2184 1852 celebratam,
2213 1797 2545 1862 processu-

532 1898 660 1964 que
684 1879 978 1963 legitime
1001 1900 1208 1955 cause,
1227 1882 1604 1967 cognicione
1621 1901 1698 1946 ac
1719 1880 1883 1945 iuris
1902 1879 2130 1945 ordine
2150 1879 2223 1943 in
2240 1879 2547 1944 omnibus

532 1982 916 2059 observatis,
957 1983 1232 2048 eandem
1276 1984 1683 2062 eleccionem,
1725 1984 1898 2049 sicut
1942 1983 2374 2069 premittitur,
2417 1982 2544 2048 rite

531 2084 778 2151 factam
823 2086 1372 2164 confirmavimus.
1415 2107 1491 2153 ac
1534 2086 1745 2152 eidem
1791 2086 1998 2153 electo
2044 2108 2285 2151 munus
2337 2086 2545 2150 Bene-

535 2188 850 2255 diecionis
906 2189 1221 2254 duximus
1296 2189 1835 2276 impendendum,
1895 2188 2163 2255 iusticia
2209 2187 2548 2263 suadente,

535 2290 724 2356 vobis
755 2292 1249 2371 committimus,
1281 2297 1350 2357 et
1380 2292 1660 2357 firmiter
1692 2291 2098 2377 iniungendo
2143 2291 2550 2365 mandamus,
2574 2310 2895 2361 laetantium:
2918 2310 2975 2359 in

539 2399 864 2481 quatenus
913 2396 1194 2460 eundem
1253 2396 1530 2461 fratrem
1592 2395 1960 2461 Iohannem
2012 2395 2096 2459 ad
2148 2393 2549 2477 corporalem
2573 2375 2914 2504 ‘gffisswmd

537 2497 1009 2585 possessionem
1049 2497 1342 2563 eiusdem
1389 2498 1772 2563 Monasterii
1819 2518 1968 2562 eum
2012 2498 2149 2561 suis
2184 2497 2439 2561 iuribus
2479 2502 2551 2562 et
2579 2506 2769 2555 Heu-e.

539 2601 964 2686 pertinenciis
1039 2602 1364 2666 universis
1439 2600 1788 2678 inducatis,
1861 2600 2172 2666 inducive
2252 2599 2551 2679 faciatis3

541 2703 884 2789 eidemque
941 2703 1212 2769 stallum
1272 2705 1345 2768 in
1405 2702 1635 2781 Choro,
1691 2708 1761 2769 et
1818 2703 2035 2767 locum
2096 2704 2167 2769 in
2237 2701 2549 2789 Capitulo

539 2807 903 2892 assignetis,
923 2827 1040 2871 seu
1062 2807 1382 2892 assignari
1399 2805 1679 2883 faciatis,
1687 2805 1893 2891 juxta
1912 2827 2157 2871 morem
2175 2806 2546 2891 antiquitus

542 2908 984 2979 observatum.
1075 2909 1470 2995 InjungatiS,
1516 2907 1737 2984 etiam,
1787 2908 2091 2973 omnibus
2142 2913 2214 2973 et
2268 2906 2547 2992 singulis

544 3010 705 3079 dicti
758 3011 826 3076 M
834 3011 1144 3080 onasterii
1200 3010 1522 3078 fratribus
1575 3016 1644 3078 et
1701 3011 2050 3090 conversis,
2108 3012 2285 3098 quod
2344 3010 2555 3077 eidem
2587 3019 2883 3086 Iniunotion
2928 3021 2986 3068 ιο

544 3113 742 3180 fratri
800 3115 1084 3181 Iohanni
1157 3123 1476 3200 tanquam
1542 3113 1792 3180 Abbati
1853 3114 2209 3180 eorundem
2268 3122 2559 3200 pareant,
2582 3086 2685 3201 {22
2700 3151 2713 3175 .
2728 3081 2985 3201 3³33}

544 3217 876 3296 obediant,
957 3224 1026 3284 et
1111 3217 1466 3284 intendant
1551 3218 1624 3282 in
1710 3216 2034 3294 omnibus,
2106 3217 2279 3283 sicut
2352 3217 2561 3296 decet,
2584 3222 2641 3266 ω
2662 3215 2943 3266 obedienoe.

546 3321 1062 3388 contradictores
1119 3325 1189 3386 et
1247 3320 1539 3398 rebelles,
1595 3320 1771 3406 siqui
1845 3320 2001 3398 sint,
2060 3321 2131 3385 in
2189 3319 2313 3385 hac
2368 3325 2558 3405 parte

548 3424 858 3491 canonice
930 3423 1418 3511 compescendo.
1522 3423 1774 3489 Datum
1850 3423 1975 3488 sub
2045 3423 2264 3510 sigillo
2338 3427 2560 3487 nostro

547 3527 622 3593 in
681 3527 942 3594 Palacio
1000 3533 1226 3594 nostro
1287 3527 1753 3613 wigorniensi,
1810 3527 2092 3613 septimo
2153 3527 2261 3591 die
2319 3526 2562 3591 mensis

549 3629 806 3708 Marcii,
873 3652 1050 3697 anno
1118 3629 1390 3695 Domini
1450 3630 1800 3695 millesimo
1876 3641 2091 3696 ccccmo
2146 3630 2357 3695 xxii⁶⁰.
2474 3628 2566 3694 Et

551 3739 774 3800 nostre
806 3733 1339 3800 consecracionis
1375 3753 1552 3798 anno
1583 3731 1876 3819 quart0.’'

640 3837 938 3917 Quarum
1041 3835 1310 3922 quidem
1410 3836 1754 3901 literarum
1858 3836 2273 3914 auctoritate,
2366 3839 2567 3920 atque

553 3940 798 4027 vigore,
841 3959 1109 4017 necnon,
1153 3939 1552 4006 auctoritate
1598 3938 1760 4005 dicti
1808 3938 2062 4003 domini
2106 3937 2566 4003 Archidiaconi

554 4043 762 4120 nobie,
813 4043 1036 4124 etiam,
1084 4044 1157 4107 in
1202 4042 1326 4109 hac
1385 4046 1572 4125 parte
1623 4043 1989 4120 commissa,
2034 4044 2103 4107 et
2162 4041 2243 4105 de
2302 4041 2444 4104 iure
2502 4044 2573 4104 et

555 4144 1028 4213 consuetudine
1068 4144 1389 4212 laudabili
1430 4143 1750 4211 hactenus
1789 4144 2153 4231 prescripta
2195 4142 2322 4208 sibi
2369 4144 2570 4228 perti-

557 4249 764 4327 nenti,
793 4251 1124 4335 prefatum
1153 4250 1432 4314 fratrem
1468 4247 1834 4314 Iohannem
1878 4245 2314 4324 Cheltinham‚
2348 4265 2571 4310 mona-

558 4352 756 4419 chum
795 4351 1184 4418 Monasterii
1230 4349 1738 4438 Wynchcombe,
1779 4350 2050 4416 Ordinis
2094 4349 2319 4414 Sancti
2364 4349 2574 4413 Bene-

560 4453 745 4535 dicti,
767 4456 841 4520 in
869 4454 1193 4520 Abbatem
1213 4453 1598 4520 Monasterii
1623 4453 1916 4518 eiusdem
1944 4453 2253 4519 canonice
2276 4452 2574 4528 electum,

560 4559 1021 4625 confirmatum
1048 4561 1116 4624 et
1135 4557 1556 4623 benedictum
1586 4557 1659 4621 in
1688 4555 2085 4643 corporalem
2105 4556 2574 4642 possessionem

563 4661 726 4728 dicti
770 4661 1164 4727 Monasterii
1206 4659 1729 4748 Wynchecombe
1773 4659 2193 4738 induximus;
2237 4659 2578 4743 eidemque
2622 4677 2627 4684 ·

561 4764 834 4830 stallum
873 4765 946 4828 in
989 4763 1209 4830 Chore
1259 4768 1328 4830 et
1367 4763 1583 4830 locum
1627 4763 1696 4828 in
1734 4762 2045 4849 Capitulo
2093 4761 2371 4827 Abbatis
2414 4761 2576 4826 dicti

564 4866 955 4934 Monasterii
1030 4867 1249 4952 [iuxta
1331 4867 1608 4950 morem]
1695 4866 2070 4951 antiquitus
2158 4867 2576 4931 observatum
