3731 6032
2198 967 2325 1034 476

1251 1135 1376 1200 bus
1427 1135 1712 1201 dominis
1765 1133 1945 1200 feodi
1997 1135 2176 1200 illius
2222 1157 2341 1220 per
2389 1136 2669 1201 servicia
2720 1135 2875 1199 inde
2928 1133 3155 1199 debita
3200 1138 3268 1194 et

1251 1244 1581 1306 consueta.
1675 1238 1765 1304 Et
1822 1260 1944 1325 ego
2005 1237 2255 1305 Editha
2312 1239 2609 1325 predicta
2679 1244 2748 1304 et
2804 1237 3077 1303 heredes
3136 1235 3265 1299 mei

1251 1341 1614 1429 predictam
1625 1363 1843 1408 acram
1867 1347 2039 1408 terre
2065 1346 2133 1407 et
2154 1343 2330 1428 prati
2349 1364 2499 1408 cum
2518 1364 2622 1407 om
2630 1343 2825 1407 nibus
2844 1337 3271 1428 pertinenciis

1251 1449 1390 1512 suis
1421 1447 1716 1534 predicto
1749 1446 2018 1512 domino
2049 1445 2337 1511 Roberto
2368 1451 2437 1512 et
2468 1441 2821 1530 assigriatis
2853 1445 2990 1510 suis
3034 1447 3269 1509 contra

1253 1572 1478 1616 omnes
1509 1550 1822 1615 mortales
1856 1549 2429 1614 warantizabimus
2462 1553 2529 1614 et
2563 1549 2995 1614 defendemus
3026 1548 3273 1631 imper-

1251 1660 1548 1740 petuum.
1636 1653 1726 1718 Et
1757 1661 1834 1718 ut
1860 1652 1983 1718 hec
2014 1675 2159 1717 mea
2182 1653 2473 1728 donacio,
2495 1653 2823 1718 concessio
2846 1673 2923 1717 ac
2944 1649 3269 1737 presentis

1250 1761 1430 1822 carte
1461 1778 1604 1822 mee
1640 1757 2060 1822 confirmacio
2104 1763 2245 1823 rate
2292 1764 2360 1823 et
2404 1756 2675 1822 stabiles
2719 1757 3151 1842 permaneant
3196 1753 3267 1816 in

1250 1864 1949 1946 eternum,presentem
1970 1865 2218 1925 cartam
2242 1883 2453 1925 meam
2473 1859 2674 1946 sigilli
2698 1860 2826 1924 mei
2844 1857 3272 1943 impressione

1249 1964 1574 2029 roboravi.
1697 1965 1849 2028 Hiis
1898 1963 2222 2038 testibus3
2284 1964 2577 2029 Roberto
2622 1963 2884 2048 Dastyn
2910 1983 2926 2040 ;
2988 1957 3274 2026 Ricardo

1255 2069 1517 2154 Dastyn
1544 2092 1560 2146 ;
1633 2067 1916 2132 Ricardo
1969 2067 2302 2153 Bleobury
2326 2093 2343 2147 ;
2416 2067 2670 2133 Thoma
2745 2067 2825 2131 de
2896 2066 3267 2138 Grettone;

1255 2171 1544 2237 Roberto
1588 2171 1668 2235 de
1715 2171 2065 2248 Wottone3
2108 2171 2325 2236 Adam
2372 2171 2644 2257 Spar-we
2696 2175 2765 2235 et
2815 2170 2980 2234 aliis.
3094 2166 3279 2232 Data

1255 2275 1433 2360 apud
1462 2275 1654 2339 Cotes
1686 2275 1792 2339 die
1815 2274 1997 2339 Iovis
2015 2277 2320 2360 proxima
2348 2281 2499 2360 post
2529 2275 2997 2340 Invencionem
3023 2271 3273 2338 Sancte

1257 2376 1481 2443 Crucis
1505 2402 1522 2458 ;
1553 2399 1728 2442 anno
1751 2379 1936 2462 regni
1963 2377 2163 2464 Regis
2188 2378 2497 2443 Edwardi
2520 2378 2670 2462 [filii
2696 2377 2897 2460 Regis
2923 2375 3273 2457 Edwardi]

1255 2481 1528 2547 decimo,

823 2767 1115 2820 00001211.
1547 2743 1758 2810 Carta
1787 2742 1865 2806 de
1898 2765 2051 2808 una
2080 2763 2245 2808 acm
2274 2743 2480 2808 iuxta
2514 2741 2977 2808 Gaddismede.

819 2901 853 2950 3
887 2899 1022 2961 May,
1049 2899 1194 2948 1317.
1343 2881 1573 2947 Sciant
1603 2886 1937 2967 presentes
1962 2886 2031 2946 et
2048 2881 2284 2958 futuri,
2306 2881 2483 2965 quod
2516 2902 2635 2966 ego
2660 2880 2984 2965 [Editha],
3008 2903 3135 2966 que
3168 2879 3275 2944 fui

820 2963 1229 3080 {iitffbogffnss
1257 3006 1425 3050 uxor
1455 2986 1772 3051 Willelmi
1805 2984 1864 3049 le
1897 2984 2147 3051 Ferour
2175 2984 2257 3049 de
2288 2983 2505 3061 cotes,
2534 2984 2703 3059 dedi,
2734 2984 3018 3050 concessi
3048 2992 3118 3051 et
3146 2983 3279 3049 hac

822 3094 1225 3188 theoonveptfip
1254 3092 1546 3176 presenti
1607 3096 1789 3155 carta
1848 3111 1995 3153 mea
2054 3088 2434 3154 confirmavi
2482 3088 2731 3153 Abbati
2782 3095 2850 3154 et
2894 3088 3279 3155 Conventui

818 3160 1156 3209 frankalmom
1187 3196 1200 3220 ⁹
1255 3193 1790 3281 Wynchecumbe
1853 3194 1925 3257 in
1986 3214 2218 3280 puram
2277 3196 2348 3256 et
2406 3199 2791 3276 perpetuam
2845 3193 3277 3258 elemosinam

1252 3319 1454 3362 unam
1507 3319 1722 3363 acram
1769 3300 1945 3362 terre
1990 3300 2059 3361 et
2102 3295 2367 3360 arabilis
2410 3317 2612 3381 supra
2656 3296 3152 3381 Caddyesmede
3204 3308 3281 3362 et

1253 3403 1426 3466 iacet
1470 3402 1646 3465 inter
1691 3405 1935 3465 terram
1982 3399 2395 3464 dominorum
2444 3398 2727 3463 Abbatis
2772 3408 2840 3463 et
2884 3399 3280 3465 Conventus

1256 3504 1794 3589 Wynchecumbe
1824 3525 1909 3568 ex
1942 3508 2222 3588 utraque
2267 3508 2477 3589 parte,
2514 3502 2909 3568 Habendam
2942 3508 3011 3567 et
3041 3508 3279 3569 tenen-

823 3654 892 3703 fo.
919 3654 1030 3704 417.
1255 3609 1408 3674 dam
1457 3608 1819 3693 predictam
1868 3628 2087 3672 acram
2136 3612 2309 3671 terre
2357 3627 2507 3670 cum
2556 3612 2749 3691 prato
2798 3606 3140 3673 adiacente
3203 3613 3280 3673 et

826 3744 951 3791 with
992 3744 1230 3806 adjacent
1255 3712 1533 3797 singulis
1564 3712 1713 3776 aliis
1745 3710 2171 3798 pertinenciis
2194 3710 2507 3796 predictis
2525 3708 2776 3774 Abbati
2800 3714 2868 3774 et
2886 3708 3277 3776 Conventui

825 3808 1063 3857 moadow.
1256 3820 1325 3881 et
1383 3838 1606 3879 eorum
1656 3813 2135 3881 successoribus
2184 3814 2255 3877 in
2304 3833 2535 3898 puram
2587 3817 2657 3877 et
2702 3818 3092 3899 perpetuam
3143 3816 3281 3879 ele-

1256 3920 1596 3996 mosinam,
1618 3920 2124 4004 imperpetuum.
2216 3915 2303 3980 Et
2333 3937 2453 3999 ego
2474 3914 2721 3979 Editha
2751 3922 2819 3980 et
2838 3915 3110 3982 heredes
3141 3917 3279 3981 mei

1255 4023 1618 4109 predictam
1638 4043 1856 4086 acram
1878 4026 2049 4085 terre
2068 4025 2138 4085 et
2155 4021 2331 4107 prati
2350 4041 2500 4085 cum
2520 4020 2826 4085 omnibus
2847 4020 3280 4105 pertinenciis

1256 4128 1393 4192 suis
1407 4125 1718 4212 predictis
1728 4124 1980 4189 Abbati
2000 4129 2069 4189 et
2078 4123 2452 4190 Conventui
2478 4127 2545 4188 et
2564 4123 3281 4189 eorumsuccessoribus

1257 4235 1488 4302 contra
1516 4250 1740 4294 omnes
1771 4228 2083 4292 mortales
2114 4227 2694 4292 warantizabimus
2726 4231 2796 4291 et
2824 4226 3281 4307 defendemus,

1257 4326 1762 4419 imperpetuum.
1852 4330 1941 4395 Et
1990 4335 2071 4396 ut
2120 4328 2245 4395 hec
2296 4351 2444 4394 mea
2488 4330 2779 4407 donacio,
2824 4332 3153 4395 concessio
3196 4352 3281 4396 ac

1259 4436 1584 4523 presentis
1636 4440 1815 4501 carte
1860 4456 2003 4499 mee
2048 4434 2464 4500 confirmacio
2510 4439 2652 4499 rate
2698 4438 2767 4499 et
2809 4434 3084 4499 stabiles
3126 4456 3277 4520 pcr-

1261 4545 1577 4603 maneant
1635 4539 1707 4601 in
1766 4542 2090 4617 eternum,
2147 4543 2518 4622 presentem
2572 4540 2822 4602 cartam
2882 4536 3086 4623 sigilli
3142 4540 3280 4603 mei

1263 4643 1691 4729 impressione
1712 4641 2033 4707 roboravi.
2123 4640 2277 4705 Hiis
2306 4640 2633 4719 testibus3
2676 4639 2966 4705 Roberto
2986 4640 3283 4727 Dastym

1263 4745 1546 4811 Ricardo
1619 4746 1885 4830 Dastyn
1917 4766 1935 4819 3
2026 4744 2305 4809 Ricardo
2378 4743 2763 4830 Bleobury3
2852 4742 3107 4809 Thoma
3192 4744 3281 4809 de

1264 4850 1624 4931 Grettone3
1691 4848 1984 4914 Roberto
2036 4847 2119 4913 de
2160 4846 2511 4925 Wottone3
2582 4848 2798 4913 Adam
2852 4848 3162 4934 Sparewe
3204 4854 3282 4914 et
