<?xml version="1.0" encoding="UTF-8"?>
<!DOCTYPE html PUBLIC "-//W3C//DTD XHTML 1.0 Transitional//EN"
    "http://www.w3.org/TR/xhtml1/DTD/xhtml1-transitional.dtd">
<html xmlns="http://www.w3.org/1999/xhtml" xml:lang="en" lang="en">
 <head>
  <title>
</title>
<meta http-equiv="Content-Type" content="text/html;charset=utf-8" />
  <meta name='ocr-system' content='tesseract 3.04.00' />
  <meta name='ocr-capabilities' content='ocr_page ocr_carea ocr_par ocr_line ocrx_word'/>
</head>
<body>
  <div class='ocr_page' id='page_1' title='image "./landboc00bazegoog_0165.png"; bbox 0 0 3731 6032; ppageno 0'>
   <div class='ocr_carea' id='block_1_1' title="bbox 1574 1022 1659 1088">
    <p class='ocr_par' dir='ltr' id='par_1_1' title="bbox 1574 1022 1659 1088">
     <span class='ocr_line' id='line_1_1' title="bbox 1574 1022 1659 1088; baseline -0.012 0"><span class='ocrx_word' id='word_1_1' title='bbox 1574 1022 1659 1088; x_wconf 84' lang='lat'><strong>69</strong></span> 
     </span>
    </p>
   </div>
   <div class='ocr_carea' id='block_1_2' title="bbox 584 1177 3028 1263">
    <p class='ocr_par' dir='ltr' id='par_1_2' title="bbox 584 1177 3028 1263">
     <span class='ocr_line' id='line_1_2' title="bbox 584 1177 3028 1263; baseline 0.001 -20"><span class='ocrx_word' id='word_1_2' title='bbox 584 1177 775 1246; x_wconf 83' lang='lat' dir='ltr'><strong>Gele¹</strong></span> <span class='ocrx_word' id='word_1_3' title='bbox 834 1183 1349 1251; x_wconf 82' lang='lat' dir='ltr'><strong>Archidiaconus</strong></span> <span class='ocrx_word' id='word_1_4' title='bbox 1420 1183 1845 1263; x_wconf 84' lang='lat' dir='ltr'><strong>Gloucestrie,</strong></span> <span class='ocrx_word' id='word_1_5' title='bbox 1907 1185 1981 1249; x_wconf 89' lang='lat' dir='ltr'><strong>in</strong></span> <span class='ocrx_word' id='word_1_6' title='bbox 2055 1184 2236 1250; x_wconf 77' lang='lat' dir='ltr'><strong>dicta</strong></span> <span class='ocrx_word' id='word_1_7' title='bbox 2307 1182 2597 1250; x_wconf 88' lang='lat' dir='ltr'><strong>Ecclesia</strong></span> <span class='ocrx_word' id='word_1_8' title='bbox 2627 1198 2708 1249; x_wconf 83' lang='lat' dir='ltr'><strong>On</strong></span> <span class='ocrx_word' id='word_1_9' title='bbox 2729 1197 2822 1247; x_wconf 72' lang='lat' dir='ltr'><strong>the</strong></span> <span class='ocrx_word' id='word_1_10' title='bbox 2853 1196 3028 1246; x_wconf 61' lang='lat' dir='ltr'><strong>retire-</strong></span> 
     </span>
    </p>
   </div>
   <div class='ocr_carea' id='block_1_3' title="bbox 588 1261 3030 1385">
    <p class='ocr_par' dir='ltr' id='par_1_3' title="bbox 588 1261 3030 1385">
     <span class='ocr_line' id='line_1_3' title="bbox 588 1261 3030 1385; baseline 0.003 -40"><span class='ocrx_word' id='word_1_11' title='bbox 588 1280 1051 1368; x_wconf 85' lang='lat' dir='ltr'><strong>Wygorniensi</strong></span> <span class='ocrx_word' id='word_1_12' title='bbox 1116 1287 1294 1375; x_wconf 92' lang='lat' dir='ltr'><strong>quod</strong></span> <span class='ocrx_word' id='word_1_13' title='bbox 1371 1286 1748 1353; x_wconf 87' lang='lat' dir='ltr'><strong>huiusmodi</strong></span> <span class='ocrx_word' id='word_1_14' title='bbox 1816 1287 2195 1354; x_wconf 83' lang='lat' dir='ltr'><strong>execucioni</strong></span> <span class='ocrx_word' id='word_1_15' title='bbox 2269 1287 2594 1353; x_wconf 87' lang='lat' dir='ltr'><strong>dictarum</strong></span> <span class='ocrx_word' id='word_1_16' title='bbox 2623 1261 3030 1385; x_wconf 45' lang='lat' dir='ltr'><strong>ffimge‘iffffiss</strong></span> 
     </span>
    </p>
   </div>
   <div class='ocr_carea' id='block_1_4' title="bbox 586 1383 3025 1507">
    <p class='ocr_par' dir='ltr' id='par_1_4' title="bbox 586 1383 3025 1507">
     <span class='ocr_line' id='line_1_4' title="bbox 586 1383 3025 1507; baseline 0 -58"><span class='ocrx_word' id='word_1_17' title='bbox 586 1383 929 1455; x_wconf 83' lang='lat' dir='ltr'><strong>literarum</strong></span> <span class='ocrx_word' id='word_1_18' title='bbox 980 1397 1353 1457; x_wconf 86' lang='lat' dir='ltr'><strong>nostrarum</strong></span> <span class='ocrx_word' id='word_1_19' title='bbox 1415 1392 1731 1457; x_wconf 85' lang='lat' dir='ltr'><strong>interesse</strong></span> <span class='ocrx_word' id='word_1_20' title='bbox 1789 1392 2114 1476; x_wconf 88' lang='lat' dir='ltr'><strong>nequiret,</strong></span> <span class='ocrx_word' id='word_1_21' title='bbox 2171 1412 2240 1457; x_wconf 85' lang='lat' dir='ltr'><strong>se</strong></span> <span class='ocrx_word' id='word_1_22' title='bbox 2301 1390 2596 1475; x_wconf 82' lang='lat' dir='ltr'><strong>legitime</strong></span> <span class='ocrx_word' id='word_1_23' title='bbox 2623 1391 2919 1507; x_wconf 41' lang='grc' dir='ltr'><strong>ἀῦῗὶίοοιὲῖξτ</strong></span> <span class='ocrx_word' id='word_1_24' title='bbox 2935 1454 3025 1505; x_wconf 71' lang='lat' dir='ltr'><strong>the</strong></span> 
     </span>
    </p>
   </div>
   <div class='ocr_carea' id='block_1_5' title="bbox 582 1493 2929 1579">
    <p class='ocr_par' dir='ltr' id='par_1_5' title="bbox 582 1493 2929 1579">
     <span class='ocr_line' id='line_1_5' title="bbox 582 1493 2929 1579; baseline 0.003 -26"><span class='ocrx_word' id='word_1_25' title='bbox 582 1499 979 1571; x_wconf 68' lang='lat' dir='ltr'><strong>excusasset,</strong></span> <span class='ocrx_word' id='word_1_26' title='bbox 1000 1516 1120 1579; x_wconf 80' lang='lat' dir='ltr'><strong>pro</strong></span> <span class='ocrx_word' id='word_1_27' title='bbox 1136 1495 1460 1561; x_wconf 71' lang='lat' dir='ltr'><strong>dictorum</strong></span> <span class='ocrx_word' id='word_1_28' title='bbox 1485 1495 1765 1561; x_wconf 86' lang='lat' dir='ltr'><strong>Abbatis</strong></span> <span class='ocrx_word' id='word_1_29' title='bbox 1790 1495 2172 1561; x_wconf 83' lang='lat' dir='ltr'><strong>Monasterii</strong></span> <span class='ocrx_word' id='word_1_30' title='bbox 2196 1494 2279 1559; x_wconf 87' lang='lat' dir='ltr'><strong>de</strong></span> <span class='ocrx_word' id='word_1_31' title='bbox 2303 1493 2593 1579; x_wconf 83' lang='lat' dir='ltr'><strong>Wynch-</strong></span> <span class='ocrx_word' id='word_1_32' title='bbox 2623 1523 2855 1573; x_wconf 75' lang='lat' dir='ltr'><strong>Convent</strong></span> <span class='ocrx_word' id='word_1_33' title='bbox 2873 1521 2929 1570; x_wconf 77' lang='lat' dir='ltr'><strong>of</strong></span> 
     </span>
    </p>
   </div>
   <div class='ocr_carea' id='block_1_6' title="bbox 579 1585 2974 1700">
    <p class='ocr_par' dir='ltr' id='par_1_6' title="bbox 579 1585 2974 1700">
     <span class='ocr_line' id='line_1_6' title="bbox 579 1585 2974 1700; baseline 0.005 -43"><span class='ocrx_word' id='word_1_34' title='bbox 579 1594 811 1660; x_wconf 88' lang='lat' dir='ltr'><strong>combe</strong></span> <span class='ocrx_word' id='word_1_35' title='bbox 854 1601 923 1662; x_wconf 82' lang='lat' dir='ltr'><strong>et</strong></span> <span class='ocrx_word' id='word_1_36' title='bbox 967 1597 1352 1664; x_wconf 76' lang='lat' dir='ltr'>Conventus</span> <span class='ocrx_word' id='word_1_37' title='bbox 1394 1604 1607 1683; x_wconf 82' lang='lat' dir='ltr'><strong>parte,</strong></span> <span class='ocrx_word' id='word_1_38' title='bbox 1636 1598 2065 1663; x_wconf 89' lang='lat' dir='ltr'><strong>sentiencium</strong></span> <span class='ocrx_word' id='word_1_39' title='bbox 2110 1619 2177 1662; x_wconf 80' lang='lat' dir='ltr'><strong>se</strong></span> <span class='ocrx_word' id='word_1_40' title='bbox 2220 1597 2305 1662; x_wconf 87' lang='lat' dir='ltr'><strong>ab</strong></span> <span class='ocrx_word' id='word_1_41' title='bbox 2351 1595 2592 1662; x_wconf 84' lang='lat' dir='ltr'><strong>eisdem</strong></span> <span class='ocrx_word' id='word_1_42' title='bbox 2625 1585 2974 1700; x_wconf 49' lang='lat' dir='ltr'><strong>Winohcgffi,</strong></span> 
     </span>
    </p>
   </div>
   <div class='ocr_carea' id='block_1_7' title="bbox 585 1652 3029 1782">
    <p class='ocr_par' dir='ltr' id='par_1_7' title="bbox 585 1652 3029 1782">
     <span class='ocr_line' id='line_1_7' title="bbox 585 1652 3029 1782; baseline 0.005 -28"><span class='ocrx_word' id='word_1_43' title='bbox 585 1692 842 1761; x_wconf 88' lang='lat' dir='ltr'><strong>Abbate</strong></span> <span class='ocrx_word' id='word_1_44' title='bbox 862 1695 1245 1763; x_wconf 84' lang='lat' dir='ltr'><strong>Monasterii</strong></span> <span class='ocrx_word' id='word_1_45' title='bbox 1265 1699 1493 1764; x_wconf 83' lang='lat' dir='ltr'><strong>Sancti</strong></span> <span class='ocrx_word' id='word_1_46' title='bbox 1524 1697 1704 1763; x_wconf 89' lang='lat' dir='ltr'><strong>Petri</strong></span> <span class='ocrx_word' id='word_1_47' title='bbox 1724 1706 1793 1763; x_wconf 84' lang='lat' dir='ltr'><strong>et</strong></span> <span class='ocrx_word' id='word_1_48' title='bbox 1812 1696 2286 1763; x_wconf 80' lang='lat' dir='ltr'><strong>Archidiacono</strong></span> <span class='ocrx_word' id='word_1_49' title='bbox 2311 1696 2596 1762; x_wconf 86' lang='lat' dir='ltr'><strong>Ecclesie</strong></span> <span class='ocrx_word' id='word_1_50' title='bbox 2621 1652 2836 1782; x_wconf 39' lang='lat' dir='ltr'><strong>{yffi}</strong></span> <span class='ocrx_word' id='word_1_51' title='bbox 2891 1716 3029 1767; x_wconf 80' lang='lat' dir='ltr'><strong>Gon·</strong></span> 
     </span>
    </p>
   </div>
   <div class='ocr_carea' id='block_1_8' title="bbox 590 1780 3024 1897">
    <p class='ocr_par' dir='ltr' id='par_1_8' title="bbox 590 1780 3024 1897">
     <span class='ocr_line' id='line_1_8' title="bbox 590 1780 3024 1897; baseline 0.004 -37"><span class='ocrx_word' id='word_1_52' title='bbox 590 1794 1079 1881; x_wconf 79' lang='lat' dir='ltr'><strong>wigorniensis,</strong></span> <span class='ocrx_word' id='word_1_53' title='bbox 1118 1805 1469 1887; x_wconf 77' lang='lat' dir='ltr'><strong>postquam</strong></span> <span class='ocrx_word' id='word_1_54' title='bbox 1512 1800 1639 1886; x_wconf 90' lang='lat' dir='ltr'><strong>ipsi</strong></span> <span class='ocrx_word' id='word_1_55' title='bbox 1669 1801 1742 1865; x_wconf 88' lang='lat' dir='ltr'><strong>in</strong></span> <span class='ocrx_word' id='word_1_56' title='bbox 1771 1821 1969 1865; x_wconf 88' lang='lat' dir='ltr'><strong>causa</strong></span> <span class='ocrx_word' id='word_1_57' title='bbox 1996 1799 2375 1864; x_wconf 88' lang='lat' dir='ltr'><strong>huiusmodi</strong></span> <span class='ocrx_word' id='word_1_58' title='bbox 2419 1800 2595 1863; x_wconf 88' lang='lat' dir='ltr'><strong>inter</strong></span> <span class='ocrx_word' id='word_1_59' title='bbox 2621 1780 3024 1897; x_wconf 48' lang='lat' dir='ltr'><strong>gffssffinglffig</strong></span> 
     </span>
    </p>
   </div>
   <div class='ocr_carea' id='block_1_9' title="bbox 583 1902 3024 1988">
    <p class='ocr_par' dir='ltr' id='par_1_9' title="bbox 583 1902 3024 1988">
     <span class='ocr_line' id='line_1_9' title="bbox 583 1902 3024 1988; baseline -0.002 -22"><span class='ocrx_word' id='word_1_60' title='bbox 583 1904 805 1984; x_wconf 81' lang='lat' dir='ltr'><strong>partes</strong></span> <span class='ocrx_word' id='word_1_61' title='bbox 836 1904 1093 1969; x_wconf 84' lang='lat' dir='ltr'><strong>easdem</strong></span> <span class='ocrx_word' id='word_1_62' title='bbox 1116 1904 1203 1969; x_wconf 84' lang='lat' dir='ltr'><strong>ad</strong></span> <span class='ocrx_word' id='word_1_63' title='bbox 1230 1904 1579 1969; x_wconf 86' lang='lat' dir='ltr'><strong>nonnullos</strong></span> <span class='ocrx_word' id='word_1_64' title='bbox 1600 1907 1789 1969; x_wconf 88' lang='lat' dir='ltr'><strong>actus</strong></span> <span class='ocrx_word' id='word_1_65' title='bbox 1811 1907 2278 1988; x_wconf 78' lang='lat' dir='ltr'><strong>processerant,</strong></span> <span class='ocrx_word' id='word_1_66' title='bbox 2300 1902 2594 1968; x_wconf 87' lang='lat' dir='ltr'><strong>indebite</strong></span> <span class='ocrx_word' id='word_1_67' title='bbox 2621 1912 2944 1962; x_wconf 72' lang='lat' dir='ltr'><strong>Arehdeaoon</strong></span> <span class='ocrx_word' id='word_1_68' title='bbox 2970 1909 3024 1960; x_wconf 77' lang='lat' dir='ltr'><strong>of</strong></span> 
     </span>
    </p>
   </div>
   <div class='ocr_carea' id='block_1_10' title="bbox 584 1976 2929 2106">
    <p class='ocr_par' dir='ltr' id='par_1_10' title="bbox 584 1976 2929 2106">
     <span class='ocr_line' id='line_1_10' title="bbox 584 1976 2929 2106; baseline 0.003 -39"><span class='ocrx_word' id='word_1_69' title='bbox 584 2008 947 2089; x_wconf 78' lang='lat' dir='ltr'><strong>aggravari,</strong></span> <span class='ocrx_word' id='word_1_70' title='bbox 977 2007 1111 2073; x_wconf 81' lang='lat' dir='ltr'><strong>fuit</strong></span> <span class='ocrx_word' id='word_1_71' title='bbox 1138 2008 1225 2073; x_wconf 84' lang='lat' dir='ltr'><strong>ad</strong></span> <span class='ocrx_word' id='word_1_72' title='bbox 1255 2007 1493 2075; x_wconf 88' lang='lat' dir='ltr'><strong>Sedem</strong></span> <span class='ocrx_word' id='word_1_73' title='bbox 1523 2006 1932 2093; x_wconf 85' lang='lat' dir='ltr'><strong>appellatum</strong></span> <span class='ocrx_word' id='word_1_74' title='bbox 1962 2006 2341 2093; x_wconf 74' lang='lat' dir='ltr'><strong>predictam.</strong></span> <span class='ocrx_word' id='word_1_75' title='bbox 2431 2006 2592 2084; x_wconf 91' lang='lat' dir='ltr'><strong>Nos,</strong></span> <span class='ocrx_word' id='word_1_76' title='bbox 2617 1976 2929 2106; x_wconf 41' lang='grc' dir='ltr'><strong>ἔξω</strong></span> 
     </span>
    </p>
   </div>
   <div class='ocr_carea' id='block_1_11' title="bbox 578 2109 3028 2507">
    <p class='ocr_par' dir='ltr' id='par_1_11' title="bbox 578 2109 2796 2198">
     <span class='ocr_line' id='line_1_11' title="bbox 578 2109 2796 2198; baseline 0.002 -27"><span class='ocrx_word' id='word_1_77' title='bbox 578 2128 845 2173; x_wconf 86' lang='lat' dir='ltr'><strong>causam</strong></span> <span class='ocrx_word' id='word_1_78' title='bbox 903 2112 1391 2198; x_wconf 83' lang='lat' dir='ltr'><strong>appellacionis,</strong></span> <span class='ocrx_word' id='word_1_79' title='bbox 1448 2110 1847 2187; x_wconf 83' lang='lat' dir='ltr'><strong>huiusmodi,</strong></span> <span class='ocrx_word' id='word_1_80' title='bbox 1907 2132 1948 2176; x_wconf 90' lang='lat' dir='ltr'><strong>a</strong></span> <span class='ocrx_word' id='word_1_81' title='bbox 2007 2109 2283 2197; x_wconf 79' lang='lat' dir='ltr'><strong>prefatis</strong></span> <span class='ocrx_word' id='word_1_82' title='bbox 2334 2110 2594 2176; x_wconf 88' lang='lat' dir='ltr'><strong>Abbate</strong></span> <span class='ocrx_word' id='word_1_83' title='bbox 2623 2109 2796 2157; x_wconf 78' lang='lat' dir='ltr'><strong>Rome.</strong></span> 
     </span>
    </p>

    <p class='ocr_par' dir='ltr' id='par_1_12' title="bbox 584 2210 3028 2507">
     <span class='ocr_line' id='line_1_12' title="bbox 589 2210 3026 2288; baseline -0 -14"><span class='ocrx_word' id='word_1_84' title='bbox 589 2210 969 2279; x_wconf 82' lang='lat' dir='ltr'><strong>Monasterii</strong></span> <span class='ocrx_word' id='word_1_85' title='bbox 1060 2215 1288 2281; x_wconf 90' lang='lat' dir='ltr'><strong>Sancti</strong></span> <span class='ocrx_word' id='word_1_86' title='bbox 1361 2215 1542 2281; x_wconf 89' lang='lat' dir='ltr'><strong>Petri</strong></span> <span class='ocrx_word' id='word_1_87' title='bbox 1616 2218 1685 2280; x_wconf 90' lang='lat' dir='ltr'><strong>et</strong></span> <span class='ocrx_word' id='word_1_88' title='bbox 1758 2214 2232 2280; x_wconf 88' lang='lat' dir='ltr'><strong>Archidiacono</strong></span> <span class='ocrx_word' id='word_1_89' title='bbox 2313 2213 2598 2280; x_wconf 85' lang='lat' dir='ltr'><strong>Ecclesie</strong></span> <span class='ocrx_word' id='word_1_90' title='bbox 2623 2225 2732 2275; x_wconf 79' lang='lat' dir='ltr'><strong>&#39;rho</strong></span> <span class='ocrx_word' id='word_1_91' title='bbox 2773 2224 2924 2288; x_wconf 79' lang='lat' dir='ltr'><strong>Pope,</strong></span> <span class='ocrx_word' id='word_1_92' title='bbox 2969 2227 3026 2273; x_wconf 74' lang='lat' dir='ltr'><strong>at</strong></span> 
     </span>
     <span class='ocr_line' id='line_1_13' title="bbox 588 2288 3028 2414; baseline 0.002 -37"><span class='ocrx_word' id='word_1_93' title='bbox 588 2312 1085 2400; x_wconf 85' lang='lat' dir='ltr'><strong>Wygorniensis</strong></span> <span class='ocrx_word' id='word_1_94' title='bbox 1130 2318 1488 2395; x_wconf 83' lang='lat' dir='ltr'><strong>interiecto,</strong></span> <span class='ocrx_word' id='word_1_95' title='bbox 1518 2321 1587 2383; x_wconf 90' lang='lat' dir='ltr'><strong>et</strong></span> <span class='ocrx_word' id='word_1_96' title='bbox 1625 2318 1881 2403; x_wconf 89' lang='lat' dir='ltr'><strong>negocii</strong></span> <span class='ocrx_word' id='word_1_97' title='bbox 1922 2316 2320 2402; x_wconf 86' lang='lat' dir='ltr'><strong>principalis,</strong></span> <span class='ocrx_word' id='word_1_98' title='bbox 2360 2317 2598 2383; x_wconf 88' lang='lat' dir='ltr'><strong>dilecto</strong></span> <span class='ocrx_word' id='word_1_99' title='bbox 2622 2290 2715 2405; x_wconf 56' lang='grc' dir='ltr'><strong>ἷξε</strong></span> <span class='ocrx_word' id='word_1_100' title='bbox 2733 2288 3028 2414; x_wconf 50' lang='grc' dir='ltr'><strong>Μοᾞξζῃῖ</strong></span> 
     </span>
     <span class='ocr_line' id='line_1_14' title="bbox 584 2415 3026 2507; baseline 0.001 -28"><span class='ocrx_word' id='word_1_101' title='bbox 584 2415 741 2494; x_wconf 92' lang='lat' dir='ltr'><strong>filio,</strong></span> <span class='ocrx_word' id='word_1_102' title='bbox 808 2419 1128 2507; x_wconf 82' lang='lat' dir='ltr'><strong>Magistro</strong></span> <span class='ocrx_word' id='word_1_103' title='bbox 1201 2421 1457 2486; x_wconf 85' lang='lat' dir='ltr'><strong>Andree</strong></span> <span class='ocrx_word' id='word_1_104' title='bbox 1518 2420 1738 2497; x_wconf 91' lang='lat' dir='ltr'><strong>Baret,</strong></span> <span class='ocrx_word' id='word_1_105' title='bbox 1807 2419 2160 2505; x_wconf 85' lang='lat' dir='ltr'><strong>Capellano</strong></span> <span class='ocrx_word' id='word_1_106' title='bbox 2223 2420 2470 2485; x_wconf 87' lang='lat' dir='ltr'><strong>Nostro</strong></span> <span class='ocrx_word' id='word_1_107' title='bbox 2532 2424 2600 2485; x_wconf 89' lang='lat' dir='ltr'><strong>et</strong></span> <span class='ocrx_word' id='word_1_108' title='bbox 2625 2419 2860 2483; x_wconf 65' lang='lat' dir='ltr'><strong>appointa</strong></span> <span class='ocrx_word' id='word_1_109' title='bbox 2923 2420 3026 2468; x_wconf 76' lang='lat' dir='ltr'><strong>An-</strong></span> 
     </span>
    </p>
   </div>
   <div class='ocr_carea' id='block_1_12' title="bbox 586 2486 3026 2609">
    <p class='ocr_par' dir='ltr' id='par_1_13' title="bbox 586 2486 3026 2609">
     <span class='ocr_line' id='line_1_15' title="bbox 586 2486 3026 2609; baseline 0.004 -27"><span class='ocrx_word' id='word_1_110' title='bbox 586 2520 895 2587; x_wconf 86' lang='lat' dir='ltr'><strong>Auditori</strong></span> <span class='ocrx_word' id='word_1_111' title='bbox 939 2545 1283 2589; x_wconf 84' lang='lat' dir='ltr'><strong>causarum</strong></span> <span class='ocrx_word' id='word_1_112' title='bbox 1332 2524 1573 2590; x_wconf 87' lang='lat' dir='ltr'><strong>Palatii</strong></span> <span class='ocrx_word' id='word_1_113' title='bbox 1620 2523 2009 2609; x_wconf 89' lang='lat' dir='ltr'><strong>Apostolici,</strong></span> <span class='ocrx_word' id='word_1_114' title='bbox 2059 2523 2146 2588; x_wconf 84' lang='lat' dir='ltr'><strong>ad</strong></span> <span class='ocrx_word' id='word_1_115' title='bbox 2207 2524 2599 2588; x_wconf 79' lang='lat' dir='ltr'><strong>instanciam</strong></span> <span class='ocrx_word' id='word_1_116' title='bbox 2626 2486 2764 2598; x_wconf 52' lang='grc' dir='ltr'><strong>ἓξὲξ</strong></span> <span class='ocrx_word' id='word_1_117' title='bbox 2779 2486 2912 2598; x_wconf 51' lang='lat'><strong>31?</strong></span> <span class='ocrx_word' id='word_1_118' title='bbox 2900 2487 3026 2609; x_wconf 50' lang='lat' dir='ltr'><strong>gg:</strong></span> 
     </span>
    </p>
   </div>
   <div class='ocr_carea' id='block_1_13' title="bbox 586 2612 3028 2729">
    <p class='ocr_par' dir='ltr' id='par_1_14' title="bbox 586 2612 3028 2729">
     <span class='ocr_line' id='line_1_16' title="bbox 586 2612 3028 2729; baseline -0 -45"><span class='ocrx_word' id='word_1_119' title='bbox 586 2618 913 2685; x_wconf 90' lang='lat' dir='ltr'><strong>dictorum</strong></span> <span class='ocrx_word' id='word_1_120' title='bbox 989 2622 1271 2688; x_wconf 86' lang='lat' dir='ltr'><strong>Abbatis</strong></span> <span class='ocrx_word' id='word_1_121' title='bbox 1339 2623 1720 2689; x_wconf 82' lang='lat' dir='ltr'><strong>Monasterii</strong></span> <span class='ocrx_word' id='word_1_122' title='bbox 1798 2624 1882 2689; x_wconf 87' lang='lat' dir='ltr'><strong>de</strong></span> <span class='ocrx_word' id='word_1_123' title='bbox 1947 2622 2473 2709; x_wconf 82' lang='lat' dir='ltr'><strong>Wynchecombe</strong></span> <span class='ocrx_word' id='word_1_124' title='bbox 2531 2628 2600 2688; x_wconf 89' lang='lat' dir='ltr'><strong>et</strong></span> <span class='ocrx_word' id='word_1_125' title='bbox 2625 2612 3028 2729; x_wconf 51' lang='grc' dir='ltr'><strong>ξὲζοῗοξῑζίἐῖ</strong></span> 
     </span>
    </p>
   </div>
   <div class='ocr_carea' id='block_1_14' title="bbox 580 2720 3029 4364">
    <p class='ocr_par' dir='ltr' id='par_1_15' title="bbox 584 2720 3029 3227">
     <span class='ocr_line' id='line_1_17' title="bbox 584 2720 3025 2810; baseline 0.003 -24"><span class='ocrx_word' id='word_1_126' title='bbox 584 2720 995 2803; x_wconf 86' lang='lat' dir='ltr'><strong>Conventus,</strong></span> <span class='ocrx_word' id='word_1_127' title='bbox 1068 2726 1464 2792; x_wconf 86' lang='lat' dir='ltr'><strong>audiendam</strong></span> <span class='ocrx_word' id='word_1_128' title='bbox 1536 2728 2000 2803; x_wconf 76' lang='lat' dir='ltr'><strong>commisimuS,</strong></span> <span class='ocrx_word' id='word_1_129' title='bbox 2053 2731 2121 2792; x_wconf 89' lang='lat' dir='ltr'><strong>et</strong></span> <span class='ocrx_word' id='word_1_130' title='bbox 2181 2726 2312 2791; x_wconf 89' lang='lat' dir='ltr'><strong>fine</strong></span> <span class='ocrx_word' id='word_1_131' title='bbox 2375 2725 2598 2791; x_wconf 92' lang='lat' dir='ltr'><strong>debito</strong></span> <span class='ocrx_word' id='word_1_132' title='bbox 2625 2745 2856 2810; x_wconf 74' lang='lat' dir='ltr'><strong>Dmyton</strong></span> <span class='ocrx_word' id='word_1_133' title='bbox 2915 2743 3025 2805; x_wconf 72' lang='lat' dir='ltr'><strong>(the</strong></span> 
     </span>
     <span class='ocr_line' id='line_1_18' title="bbox 584 2810 2946 2936; baseline 0.002 -47"><span class='ocrx_word' id='word_1_134' title='bbox 584 2828 1113 2909; x_wconf 84' lang='lat' dir='ltr'><strong>terminandam3</strong></span> <span class='ocrx_word' id='word_1_135' title='bbox 1175 2832 1310 2916; x_wconf 87' lang='lat' dir='ltr'><strong>qui,</strong></span> <span class='ocrx_word' id='word_1_136' title='bbox 1375 2831 1461 2895; x_wconf 88' lang='lat' dir='ltr'><strong>ad</strong></span> <span class='ocrx_word' id='word_1_137' title='bbox 1514 2832 1904 2896; x_wconf 77' lang='lat' dir='ltr'><strong>instanciam</strong></span> <span class='ocrx_word' id='word_1_138' title='bbox 1970 2830 2278 2915; x_wconf 73' lang='lat' dir='ltr'><strong>Magistri</strong></span> <span class='ocrx_word' id='word_1_139' title='bbox 2331 2830 2597 2895; x_wconf 89' lang='lat' dir='ltr'><strong>Ricardi</strong></span> <span class='ocrx_word' id='word_1_140' title='bbox 2626 2810 2946 2936; x_wconf 51' lang='grc' dir='ltr'><strong>ξζξζῶξξζῃ</strong></span> 
     </span>
     <span class='ocr_line' id='line_1_19' title="bbox 588 2928 3028 3014; baseline 0.003 -20"><span class='ocrx_word' id='word_1_141' title='bbox 588 2928 902 3014; x_wconf 85' lang='lat' dir='ltr'><strong>Drayton,</strong></span> <span class='ocrx_word' id='word_1_142' title='bbox 978 2933 1421 3000; x_wconf 85' lang='lat' dir='ltr'><strong>Procuratoris</strong></span> <span class='ocrx_word' id='word_1_143' title='bbox 1485 2932 1810 2999; x_wconf 86' lang='lat' dir='ltr'><strong>dictorum</strong></span> <span class='ocrx_word' id='word_1_144' title='bbox 1870 2932 2154 2998; x_wconf 86' lang='lat' dir='ltr'><strong>Abbatis</strong></span> <span class='ocrx_word' id='word_1_145' title='bbox 2215 2933 2598 2998; x_wconf 82' lang='lat' dir='ltr'><strong>Monasterii</strong></span> <span class='ocrx_word' id='word_1_146' title='bbox 2625 2938 2771 3003; x_wconf 78' lang='lat' dir='ltr'><strong>proof</strong></span> <span class='ocrx_word' id='word_1_147' title='bbox 2818 2939 2872 2988; x_wconf 67' lang='grc' dir='ltr'><strong>οἱ</strong></span> <span class='ocrx_word' id='word_1_148' title='bbox 2937 2937 3028 2988; x_wconf 58' lang='grc' dir='ltr'><strong>ῐδθ</strong></span> 
     </span>
     <span class='ocr_line' id='line_1_20' title="bbox 587 3003 3029 3135; baseline 0.002 -37"><span class='ocrx_word' id='word_1_149' title='bbox 587 3032 671 3099; x_wconf 92' lang='lat' dir='ltr'><strong>de</strong></span> <span class='ocrx_word' id='word_1_150' title='bbox 723 3034 1249 3120; x_wconf 81' lang='lat' dir='ltr'><strong>Wynchecombe</strong></span> <span class='ocrx_word' id='word_1_151' title='bbox 1298 3042 1367 3102; x_wconf 84' lang='lat' dir='ltr'><strong>et</strong></span> <span class='ocrx_word' id='word_1_152' title='bbox 1416 3037 1815 3112; x_wconf 80' lang='lat' dir='ltr'><strong>ConventuS,</strong></span> <span class='ocrx_word' id='word_1_153' title='bbox 1860 3057 2075 3102; x_wconf 87' lang='lat' dir='ltr'><strong>coram</strong></span> <span class='ocrx_word' id='word_1_154' title='bbox 2125 3058 2202 3102; x_wconf 90' lang='lat' dir='ltr'><strong>eo</strong></span> <span class='ocrx_word' id='word_1_155' title='bbox 2242 3037 2308 3100; x_wconf 92' lang='lat' dir='ltr'><strong>in</strong></span> <span class='ocrx_word' id='word_1_156' title='bbox 2356 3037 2599 3102; x_wconf 89' lang='lat' dir='ltr'><strong>iudicio</strong></span> <span class='ocrx_word' id='word_1_157' title='bbox 2626 3004 2816 3135; x_wconf 43' lang='grc' dir='ltr'><strong>ἓξὲξ</strong></span> <span class='ocrx_word' id='word_1_158' title='bbox 2848 3003 2902 3055; x_wconf 58' lang='lat'><strong>⁰¹</strong></span> <span class='ocrx_word' id='word_1_159' title='bbox 2939 3003 3029 3055; x_wconf 46' lang='grc' dir='ltr'><strong>ὼε</strong></span> 
     </span>
     <span class='ocr_line' id='line_1_21' title="bbox 584 3140 2600 3227; baseline 0.001 -25"><span class='ocrx_word' id='word_1_160' title='bbox 584 3141 1043 3224; x_wconf 73' lang='lat' dir='ltr'><strong>comparentiS,</strong></span> <span class='ocrx_word' id='word_1_161' title='bbox 1081 3147 1310 3206; x_wconf 89' lang='lat' dir='ltr'><strong>contra</strong></span> <span class='ocrx_word' id='word_1_162' title='bbox 1355 3141 1691 3227; x_wconf 83' lang='lat' dir='ltr'><strong>prefatum</strong></span> <span class='ocrx_word' id='word_1_163' title='bbox 1737 3140 2076 3217; x_wconf 87' lang='lat' dir='ltr'><strong>Thomam,</strong></span> <span class='ocrx_word' id='word_1_164' title='bbox 2123 3140 2210 3205; x_wconf 94' lang='lat' dir='ltr'><strong>ad</strong></span> <span class='ocrx_word' id='word_1_165' title='bbox 2249 3140 2600 3205; x_wconf 91' lang='lat' dir='ltr'><strong>nonnullos</strong></span> 
     </span>
    </p>

    <p class='ocr_par' dir='ltr' id='par_1_16' title="bbox 584 3241 2604 3310">
     <span class='ocr_line' id='line_1_22' title="bbox 584 3241 2604 3310; baseline 0.001 -4"><span class='ocrx_word' id='word_1_166' title='bbox 584 3241 926 3307; x_wconf 82' lang='lat' dir='ltr'><strong>citacionis</strong></span> <span class='ocrx_word' id='word_1_167' title='bbox 999 3249 1186 3309; x_wconf 80' lang='lat' dir='ltr'><strong>actus</strong></span> <span class='ocrx_word' id='word_1_168' title='bbox 1260 3245 1334 3308; x_wconf 89' lang='lat' dir='ltr'><strong>in</strong></span> <span class='ocrx_word' id='word_1_169' title='bbox 1398 3265 1595 3310; x_wconf 88' lang='lat' dir='ltr'><strong>causa</strong></span> <span class='ocrx_word' id='word_1_170' title='bbox 1664 3243 2045 3308; x_wconf 88' lang='lat' dir='ltr'><strong>huiusmodi</strong></span> <span class='ocrx_word' id='word_1_171' title='bbox 2120 3244 2190 3308; x_wconf 92' lang='lat' dir='ltr'><strong>in</strong></span> <span class='ocrx_word' id='word_1_172' title='bbox 2258 3243 2604 3309; x_wconf 82' lang='lat' dir='ltr'><strong>audiencia</strong></span> 
     </span>
    </p>

    <p class='ocr_par' dir='ltr' id='par_1_17' title="bbox 586 3344 2602 3433">
     <span class='ocr_line' id='line_1_23' title="bbox 586 3344 2602 3433; baseline 0.001 -24"><span class='ocrx_word' id='word_1_173' title='bbox 586 3344 873 3429; x_wconf 85' lang='lat' dir='ltr'><strong>publica,</strong></span> <span class='ocrx_word' id='word_1_174' title='bbox 913 3352 990 3411; x_wconf 90' lang='lat' dir='ltr'><strong>ut</strong></span> <span class='ocrx_word' id='word_1_175' title='bbox 1033 3351 1134 3412; x_wconf 86' lang='lat' dir='ltr'><strong>est</strong></span> <span class='ocrx_word' id='word_1_176' title='bbox 1172 3348 1391 3424; x_wconf 87' lang='lat' dir='ltr'><strong>moris,</strong></span> <span class='ocrx_word' id='word_1_177' title='bbox 1434 3347 1775 3432; x_wconf 83' lang='lat' dir='ltr'><strong>processit,</strong></span> <span class='ocrx_word' id='word_1_178' title='bbox 1812 3351 1881 3411; x_wconf 91' lang='lat' dir='ltr'><strong>et</strong></span> <span class='ocrx_word' id='word_1_179' title='bbox 1921 3346 2160 3412; x_wconf 88' lang='lat' dir='ltr'><strong>deinde</strong></span> <span class='ocrx_word' id='word_1_180' title='bbox 2188 3368 2304 3433; x_wconf 90' lang='lat' dir='ltr'><strong>per</strong></span> <span class='ocrx_word' id='word_1_181' title='bbox 2350 3347 2602 3412; x_wconf 90' lang='lat' dir='ltr'><strong>dictum</strong></span> 
     </span>
    </p>

    <p class='ocr_par' dir='ltr' id='par_1_18' title="bbox 584 3451 2601 3640">
     <span class='ocr_line' id='line_1_24' title="bbox 588 3451 2601 3537; baseline 0 -23"><span class='ocrx_word' id='word_1_182' title='bbox 588 3451 965 3530; x_wconf 86' lang='lat' dir='ltr'><strong>Ricardum,</strong></span> <span class='ocrx_word' id='word_1_183' title='bbox 1053 3452 1573 3530; x_wconf 77' lang='lat' dir='ltr'><strong>Procuratorem,</strong></span> <span class='ocrx_word' id='word_1_184' title='bbox 1649 3451 1737 3516; x_wconf 88' lang='lat' dir='ltr'><strong>ad</strong></span> <span class='ocrx_word' id='word_1_185' title='bbox 1816 3451 2250 3537; x_wconf 89' lang='lat' dir='ltr'><strong>probandum,</strong></span> <span class='ocrx_word' id='word_1_186' title='bbox 2338 3471 2601 3516; x_wconf 88' lang='lat' dir='ltr'><strong>causam</strong></span> 
     </span>
     <span class='ocr_line' id='line_1_25' title="bbox 584 3553 2597 3640; baseline 0 -22"><span class='ocrx_word' id='word_1_187' title='bbox 584 3553 962 3621; x_wconf 84' lang='lat' dir='ltr'><strong>huiusmodi</strong></span> <span class='ocrx_word' id='word_1_188' title='bbox 1021 3556 1164 3623; x_wconf 80' lang='lat' dir='ltr'><strong>fore</strong></span> <span class='ocrx_word' id='word_1_189' title='bbox 1221 3557 1305 3622; x_wconf 89' lang='lat' dir='ltr'><strong>ad</strong></span> <span class='ocrx_word' id='word_1_190' title='bbox 1368 3555 1737 3622; x_wconf 88' lang='lat' dir='ltr'><strong>Romanam</strong></span> <span class='ocrx_word' id='word_1_191' title='bbox 1796 3554 2067 3621; x_wconf 87' lang='lat' dir='ltr'><strong>Curiam</strong></span> <span class='ocrx_word' id='word_1_192' title='bbox 2125 3555 2418 3640; x_wconf 86' lang='lat' dir='ltr'><strong>legitime</strong></span> <span class='ocrx_word' id='word_1_193' title='bbox 2492 3554 2597 3618; x_wconf 86' lang='lat' dir='ltr'><strong>de·</strong></span> 
     </span>
    </p>

    <p class='ocr_par' dir='ltr' id='par_1_19' title="bbox 584 3657 2601 3744">
     <span class='ocr_line' id='line_1_26' title="bbox 584 3657 2601 3744; baseline -0.001 -19"><span class='ocrx_word' id='word_1_194' title='bbox 584 3659 904 3737; x_wconf 85' lang='lat' dir='ltr'><strong>volutam,</strong></span> <span class='ocrx_word' id='word_1_195' title='bbox 934 3660 1271 3728; x_wconf 85' lang='lat' dir='ltr'><strong>nonnullis</strong></span> <span class='ocrx_word' id='word_1_196' title='bbox 1312 3657 1771 3724; x_wconf 87' lang='lat' dir='ltr'><strong>instrumentis</strong></span> <span class='ocrx_word' id='word_1_197' title='bbox 1800 3658 2080 3744; x_wconf 85' lang='lat' dir='ltr'><strong>publicis</strong></span> <span class='ocrx_word' id='word_1_198' title='bbox 2121 3679 2335 3724; x_wconf 89' lang='lat' dir='ltr'><strong>coram</strong></span> <span class='ocrx_word' id='word_1_199' title='bbox 2373 3657 2601 3722; x_wconf 90' lang='lat' dir='ltr'><strong>eodem</strong></span> 
     </span>
    </p>

    <p class='ocr_par' dir='ltr' id='par_1_20' title="bbox 586 3761 2603 3848">
     <span class='ocr_line' id='line_1_27' title="bbox 586 3761 2603 3848; baseline -0.002 -22"><span class='ocrx_word' id='word_1_200' title='bbox 586 3761 907 3828; x_wconf 87' lang='lat' dir='ltr'><strong>Auditore</strong></span> <span class='ocrx_word' id='word_1_201' title='bbox 937 3764 1009 3827; x_wconf 92' lang='lat' dir='ltr'><strong>in</strong></span> <span class='ocrx_word' id='word_1_202' title='bbox 1053 3763 1300 3828; x_wconf 89' lang='lat' dir='ltr'><strong>iudicio</strong></span> <span class='ocrx_word' id='word_1_203' title='bbox 1329 3763 1688 3848; x_wconf 85' lang='lat' dir='ltr'><strong>productis,</strong></span> <span class='ocrx_word' id='word_1_204' title='bbox 1718 3762 1892 3828; x_wconf 87' lang='lat' dir='ltr'><strong>idem</strong></span> <span class='ocrx_word' id='word_1_205' title='bbox 1944 3762 2240 3836; x_wconf 84' lang='lat' dir='ltr'><strong>Auditor,</strong></span> <span class='ocrx_word' id='word_1_206' title='bbox 2283 3761 2442 3846; x_wconf 91' lang='lat' dir='ltr'><strong>quia</strong></span> <span class='ocrx_word' id='word_1_207' title='bbox 2484 3781 2603 3846; x_wconf 87' lang='lat' dir='ltr'><strong>per</strong></span> 
     </span>
    </p>

    <p class='ocr_par' dir='ltr' id='par_1_21' title="bbox 584 3865 2598 4050">
     <span class='ocr_line' id='line_1_28' title="bbox 586 3865 2598 3954; baseline -0.003 -22"><span class='ocrx_word' id='word_1_208' title='bbox 586 3865 907 3953; x_wconf 85' lang='lat' dir='ltr'><strong>producta</strong></span> <span class='ocrx_word' id='word_1_209' title='bbox 977 3866 1354 3932; x_wconf 90' lang='lat' dir='ltr'><strong>huiusmodi</strong></span> <span class='ocrx_word' id='word_1_210' title='bbox 1425 3865 1555 3931; x_wconf 88' lang='lat' dir='ltr'><strong>sibi</strong></span> <span class='ocrx_word' id='word_1_211' title='bbox 1614 3867 1908 3954; x_wconf 86' lang='lat' dir='ltr'><strong>legitime</strong></span> <span class='ocrx_word' id='word_1_212' title='bbox 1966 3866 2280 3940; x_wconf 88' lang='lat' dir='ltr'><strong>constitit,</strong></span> <span class='ocrx_word' id='word_1_213' title='bbox 2339 3884 2598 3928; x_wconf 84' lang='lat' dir='ltr'><strong>causam</strong></span> 
     </span>
     <span class='ocr_line' id='line_1_29' title="bbox 584 3965 2596 4050; baseline -0.002 -18"><span class='ocrx_word' id='word_1_214' title='bbox 584 3967 964 4034; x_wconf 85' lang='lat' dir='ltr'><strong>huiusmodi</strong></span> <span class='ocrx_word' id='word_1_215' title='bbox 995 3968 1137 4034; x_wconf 87' lang='lat' dir='ltr'><strong>fore</strong></span> <span class='ocrx_word' id='word_1_216' title='bbox 1166 3968 1253 4033; x_wconf 88' lang='lat' dir='ltr'><strong>ad</strong></span> <span class='ocrx_word' id='word_1_217' title='bbox 1276 3968 1549 4033; x_wconf 90' lang='lat' dir='ltr'><strong>eandem</strong></span> <span class='ocrx_word' id='word_1_218' title='bbox 1584 3968 1850 4035; x_wconf 83' lang='lat' dir='ltr'><strong>Curiam</strong></span> <span class='ocrx_word' id='word_1_219' title='bbox 1880 3968 2174 4050; x_wconf 88' lang='lat' dir='ltr'><strong>legitime</strong></span> <span class='ocrx_word' id='word_1_220' title='bbox 2196 3965 2596 4041; x_wconf 87' lang='lat' dir='ltr'><strong>devolutam,</strong></span> 
     </span>
    </p>

    <p class='ocr_par' dir='ltr' id='par_1_22' title="bbox 582 4068 2595 4158">
     <span class='ocr_line' id='line_1_30' title="bbox 582 4068 2595 4158; baseline -0.002 -21"><span class='ocrx_word' id='word_1_221' title='bbox 582 4077 655 4137; x_wconf 85' lang='lat' dir='ltr'><strong>et</strong></span> <span class='ocrx_word' id='word_1_222' title='bbox 712 4071 890 4158; x_wconf 87' lang='lat' dir='ltr'><strong>apud</strong></span> <span class='ocrx_word' id='word_1_223' title='bbox 942 4093 1087 4137; x_wconf 86' lang='lat' dir='ltr'><strong>eam</strong></span> <span class='ocrx_word' id='word_1_224' title='bbox 1147 4073 1440 4148; x_wconf 83' lang='lat' dir='ltr'><strong>tractari,</strong></span> <span class='ocrx_word' id='word_1_225' title='bbox 1498 4079 1567 4138; x_wconf 89' lang='lat' dir='ltr'><strong>et</strong></span> <span class='ocrx_word' id='word_1_226' title='bbox 1624 4072 1805 4138; x_wconf 91' lang='lat' dir='ltr'><strong>finiri</strong></span> <span class='ocrx_word' id='word_1_227' title='bbox 1857 4071 2110 4144; x_wconf 88' lang='lat' dir='ltr'><strong>debere,</strong></span> <span class='ocrx_word' id='word_1_228' title='bbox 2174 4069 2259 4134; x_wconf 90' lang='lat' dir='ltr'><strong>ad</strong></span> <span class='ocrx_word' id='word_1_229' title='bbox 2319 4068 2595 4154; x_wconf 89' lang='lat' dir='ltr'><strong>predicti</strong></span> 
     </span>
    </p>

    <p class='ocr_par' dir='ltr' id='par_1_23' title="bbox 580 4170 3026 4364">
     <span class='ocr_line' id='line_1_31' title="bbox 586 4170 3026 4262; baseline -0.002 -24"><span class='ocrx_word' id='word_1_230' title='bbox 586 4173 851 4240; x_wconf 87' lang='lat' dir='ltr'><strong>Ricardi</strong></span> <span class='ocrx_word' id='word_1_231' title='bbox 881 4173 1332 4241; x_wconf 85' lang='lat' dir='ltr'><strong>Procuratoris</strong></span> <span class='ocrx_word' id='word_1_232' title='bbox 1361 4176 1775 4255; x_wconf 83' lang='lat' dir='ltr'><strong>instanciam,</strong></span> <span class='ocrx_word' id='word_1_233' title='bbox 1792 4173 2128 4262; x_wconf 81' lang='lat' dir='ltr'><strong>prefatum</strong></span> <span class='ocrx_word' id='word_1_234' title='bbox 2160 4174 2477 4238; x_wconf 90' lang='lat' dir='ltr'><strong>Thomam</strong></span> <span class='ocrx_word' id='word_1_235' title='bbox 2509 4170 2594 4235; x_wconf 90' lang='lat' dir='ltr'><strong>ad</strong></span> <span class='ocrx_word' id='word_1_236' title='bbox 2621 4199 2746 4249; x_wconf 53' lang='lat' dir='ltr'><strong>&amp;tea</strong></span> <span class='ocrx_word' id='word_1_237' title='bbox 2767 4199 2940 4249; x_wconf 80' lang='lat' dir='ltr'><strong>Power</strong></span> <span class='ocrx_word' id='word_1_238' title='bbox 2971 4205 3026 4250; x_wconf 71' lang='lat' dir='ltr'><strong>to</strong></span> 
     </span>
     <span class='ocr_line' id='line_1_32' title="bbox 580 4265 2940 4364; baseline -0.002 -21"><span class='ocrx_word' id='word_1_239' title='bbox 580 4277 987 4343; x_wconf 83' lang='lat' dir='ltr'><strong>audiendum</strong></span> <span class='ocrx_word' id='word_1_240' title='bbox 1033 4283 1103 4344; x_wconf 90' lang='lat' dir='ltr'><strong>et</strong></span> <span class='ocrx_word' id='word_1_241' title='bbox 1148 4277 1592 4364; x_wconf 87' lang='lat' dir='ltr'><strong>recipiendum</strong></span> <span class='ocrx_word' id='word_1_242' title='bbox 1646 4278 1946 4345; x_wconf 88' lang='lat' dir='ltr'><strong>libellum</strong></span> <span class='ocrx_word' id='word_1_243' title='bbox 1999 4278 2070 4342; x_wconf 91' lang='lat' dir='ltr'><strong>in</strong></span> <span class='ocrx_word' id='word_1_244' title='bbox 2121 4297 2317 4343; x_wconf 84' lang='lat' dir='ltr'><strong>causa</strong></span> <span class='ocrx_word' id='word_1_245' title='bbox 2365 4275 2592 4340; x_wconf 88' lang='lat' dir='ltr'><strong>huius·</strong></span> <span class='ocrx_word' id='word_1_246' title='bbox 2619 4279 2802 4328; x_wconf 59' lang='lat' dir='ltr'><strong>“PPffl&#39;</strong></span> <span class='ocrx_word' id='word_1_247' title='bbox 2839 4265 2940 4315; x_wconf 67' lang='lat'><strong>²¹¹⁶</strong></span> 
     </span>
    </p>
   </div>
   <div class='ocr_carea' id='block_1_15' title="bbox 2619 4329 3026 4379">
    <p class='ocr_par' dir='ltr' id='par_1_24' title="bbox 2619 4329 3026 4379">
     <span class='ocr_line' id='line_1_33' title="bbox 2619 4329 3026 4379; baseline 0.002 -1"><span class='ocrx_word' id='word_1_248' title='bbox 2619 4329 2742 4379; x_wconf 73' lang='lat' dir='ltr'><strong>hear</strong></span> <span class='ocrx_word' id='word_1_249' title='bbox 2794 4330 2896 4378; x_wconf 86' lang='lat' dir='ltr'><strong>and</strong></span> <span class='ocrx_word' id='word_1_250' title='bbox 2949 4344 3026 4379; x_wconf 81' lang='lat' dir='ltr'><strong>re·</strong></span> 
     </span>
    </p>
   </div>
   <div class='ocr_carea' id='block_1_16' title="bbox 583 4381 3023 4462">
    <p class='ocr_par' dir='ltr' id='par_1_25' title="bbox 583 4381 3023 4462">
     <span class='ocr_line' id='line_1_34' title="bbox 583 4381 3023 4462; baseline -0.001 -16"><span class='ocrx_word' id='word_1_251' title='bbox 583 4381 783 4461; x_wconf 88' lang='lat' dir='ltr'><strong>modi,</strong></span> <span class='ocrx_word' id='word_1_252' title='bbox 828 4383 893 4446; x_wconf 90' lang='lat' dir='ltr'><strong>in</strong></span> <span class='ocrx_word' id='word_1_253' title='bbox 937 4383 1117 4448; x_wconf 85' lang='lat' dir='ltr'><strong>dicta</strong></span> <span class='ocrx_word' id='word_1_254' title='bbox 1166 4381 1525 4462; x_wconf 87' lang='lat' dir='ltr'><strong>audiencia,</strong></span> <span class='ocrx_word' id='word_1_255' title='bbox 1570 4383 1759 4448; x_wconf 86' lang='lat' dir='ltr'><strong>citari</strong></span> <span class='ocrx_word' id='word_1_256' title='bbox 1806 4383 1992 4461; x_wconf 79' lang='lat' dir='ltr'><strong>fecit,</strong></span> <span class='ocrx_word' id='word_1_257' title='bbox 2036 4381 2123 4448; x_wconf 88' lang='lat' dir='ltr'><strong>ad</strong></span> <span class='ocrx_word' id='word_1_258' title='bbox 2169 4387 2420 4448; x_wconf 88' lang='lat' dir='ltr'><strong>certum</strong></span> <span class='ocrx_word' id='word_1_259' title='bbox 2463 4383 2596 4444; x_wconf 89' lang='lat' dir='ltr'><strong>ter·</strong></span> <span class='ocrx_word' id='word_1_260' title='bbox 2621 4394 2758 4444; x_wconf 78' lang='lat' dir='ltr'><strong>oeive</strong></span> <span class='ocrx_word' id='word_1_261' title='bbox 2785 4394 2876 4445; x_wconf 76' lang='lat' dir='ltr'><strong>the</strong></span> <span class='ocrx_word' id='word_1_262' title='bbox 2908 4394 3023 4444; x_wconf 76' lang='lat' dir='ltr'><strong>ano·</strong></span> 
     </span>
    </p>
   </div>
   <div class='ocr_carea' id='block_1_17' title="bbox 584 4459 3026 4575">
    <p class='ocr_par' dir='ltr' id='par_1_26' title="bbox 584 4459 3026 4575">
     <span class='ocr_line' id='line_1_35' title="bbox 584 4459 3026 4575; baseline -0.001 -27"><span class='ocrx_word' id='word_1_263' title='bbox 584 4484 841 4550; x_wconf 90' lang='lat' dir='ltr'><strong>minum</strong></span> <span class='ocrx_word' id='word_1_264' title='bbox 901 4485 1416 4571; x_wconf 89' lang='lat' dir='ltr'><strong>peremptorium</strong></span> <span class='ocrx_word' id='word_1_265' title='bbox 1463 4490 1963 4572; x_wconf 88' lang='lat' dir='ltr'><strong>competentem.</strong></span> <span class='ocrx_word' id='word_1_266' title='bbox 2081 4487 2372 4559; x_wconf 89' lang='lat' dir='ltr'><strong>Interim,</strong></span> <span class='ocrx_word' id='word_1_267' title='bbox 2425 4502 2596 4558; x_wconf 81' lang='lat' dir='ltr'><strong>ver0,</strong></span> <span class='ocrx_word' id='word_1_268' title='bbox 2620 4459 2794 4575; x_wconf 53' lang='lat' dir='ltr'><strong>{²3¹}OE</strong></span> <span class='ocrx_word' id='word_1_269' title='bbox 2827 4459 2883 4509; x_wconf 67' lang='lat'><strong>⁰¹</strong></span> <span class='ocrx_word' id='word_1_270' title='bbox 2933 4459 3026 4510; x_wconf 56' lang='lat'><strong>‘¹²⁰</strong></span> 
     </span>
    </p>
   </div>
   <div class='ocr_carea' id='block_1_18' title="bbox 583 4587 2595 4674">
    <p class='ocr_par' dir='ltr' id='par_1_27' title="bbox 583 4587 2595 4674">
     <span class='ocr_line' id='line_1_36' title="bbox 583 4587 2595 4674; baseline 0.002 -21"><span class='ocrx_word' id='word_1_271' title='bbox 583 4609 705 4653; x_wconf 89' lang='lat' dir='ltr'><strong>nos</strong></span> <span class='ocrx_word' id='word_1_272' title='bbox 733 4608 999 4654; x_wconf 87' lang='lat' dir='ltr'><strong>causam</strong></span> <span class='ocrx_word' id='word_1_273' title='bbox 1042 4587 1416 4654; x_wconf 88' lang='lat' dir='ltr'><strong>huiusmodi</strong></span> <span class='ocrx_word' id='word_1_274' title='bbox 1468 4588 1709 4655; x_wconf 89' lang='lat' dir='ltr'><strong>dilecto</strong></span> <span class='ocrx_word' id='word_1_275' title='bbox 1752 4589 1914 4667; x_wconf 89' lang='lat' dir='ltr'><strong>filio,</strong></span> <span class='ocrx_word' id='word_1_276' title='bbox 1946 4589 2261 4674; x_wconf 83' lang='lat' dir='ltr'><strong>Magistro</strong></span> <span class='ocrx_word' id='word_1_277' title='bbox 2317 4590 2595 4658; x_wconf 88' lang='lat' dir='ltr'><strong>Iohanni</strong></span> 
     </span>
    </p>
   </div>
   <div class='ocr_carea' id='block_1_19' title="bbox 583 4815 2598 4968">
    <p class='ocr_par' dir='ltr' id='par_1_28' title="bbox 583 4815 2598 4968">
     <span class='ocr_line' id='line_1_37' title="bbox 597 4815 2598 4902; baseline 0.001 -30"><span class='ocrx_word' id='word_1_278' title='bbox 597 4897 603 4902; x_wconf 82' lang='lat'>.</span> <span class='ocrx_word' id='word_1_279' title='bbox 650 4815 670 4849; x_wconf 81' lang='lat'>¹</span> <span class='ocrx_word' id='word_1_280' title='bbox 704 4819 891 4872; x_wconf 64' lang='grc' dir='ltr'><strong>θεῖσαι·</strong></span> <span class='ocrx_word' id='word_1_281' title='bbox 914 4820 1075 4886; x_wconf 73' lang='lat' dir='ltr'><strong>Geycll</strong></span> <span class='ocrx_word' id='word_1_282' title='bbox 1111 4819 1229 4872; x_wconf 76' lang='lat' dir='ltr'><strong>hold</strong></span> <span class='ocrx_word' id='word_1_283' title='bbox 1270 4820 1361 4872; x_wconf 83' lang='lat' dir='ltr'><strong>the</strong></span> <span class='ocrx_word' id='word_1_284' title='bbox 1398 4821 1861 4886; x_wconf 69' lang='lat' dir='ltr'><strong>Archdcaconryin</strong></span> <span class='ocrx_word' id='word_1_285' title='bbox 1901 4823 2046 4885; x_wconf 75' lang='lat'><strong>1395,</strong></span> <span class='ocrx_word' id='word_1_286' title='bbox 2086 4823 2189 4872; x_wconf 86' lang='lat' dir='ltr'><strong>and</strong></span> <span class='ocrx_word' id='word_1_287' title='bbox 2227 4822 2516 4888; x_wconf 76' lang='lat' dir='ltr'><strong>exchmged</strong></span> <span class='ocrx_word' id='word_1_288' title='bbox 2553 4824 2598 4875; x_wconf 83' lang='lat' dir='ltr'><strong>it</strong></span> 
     </span>
     <span class='ocr_line' id='line_1_38' title="bbox 583 4900 1950 4968; baseline 0.004 -16"><span class='ocrx_word' id='word_1_289' title='bbox 583 4900 713 4953; x_wconf 73' lang='lat' dir='ltr'><strong>with</strong></span> <span class='ocrx_word' id='word_1_290' title='bbox 735 4901 953 4954; x_wconf 58' lang='lat' dir='ltr'><strong>nichae</strong></span> <span class='ocrx_word' id='word_1_291' title='bbox 973 4902 1322 4955; x_wconf 73' lang='lat' dir='ltr'><strong>winohoemb.</strong></span> <span class='ocrx_word' id='word_1_292' title='bbox 1383 4902 1453 4956; x_wconf 70' lang='grc' dir='ltr'><strong>ιι</strong></span> <span class='ocrx_word' id='word_1_293' title='bbox 1472 4903 1621 4966; x_wconf 69' lang='lat' dir='ltr'><strong>Nm,</strong></span> <span class='ocrx_word' id='word_1_294' title='bbox 1655 4903 1754 4954; x_wconf 67' lang='grc' dir='ltr'><strong>νοι,</strong></span> <span class='ocrx_word' id='word_1_295' title='bbox 1776 4903 1846 4968; x_wconf 81' lang='lat' dir='ltr'><strong>iii,</strong></span> <span class='ocrx_word' id='word_1_296' title='bbox 1871 4901 1950 4957; x_wconf 75' lang='lat'><strong>78.</strong></span> 
     </span>
    </p>
   </div>
  </div>
 </body>
</html>
