3731 6032
778 3009 1171 3059 cochxxxlv.

779 3150 1143 3211 Whitsuntide,

782 3219 922 3265 1346.
1003 3216 1183 3279 Henry

778 3282 843 3329 de
874 3280 1179 3344 Aldrington

775 3351 1093 3461 &gruffuni

777 3476 1177 3540 Agnes,hiswife,

775 3542 867 3590 the
899 3557 1176 3604 messuage,

775 3622 899 3656 once
914 3604 947 3655 J
952 3606 1177 3667 uliana's,

774 3672 867 3720 tho
912 3671 1025 3720 wife
1060 3672 1113 3720 of

774 3736 913 3787 John
930 3736 1159 3801 Wynter.

774 4486 826 4535 fo
865 4487 977 4537 364.

2153 969 2282 1033 416

1208 1135 1501 1220 Leggare
1574 1139 1645 1200 et
1702 1134 2002 1210 Sibbille,
2061 1136 2256 1200 uxori
2331 1135 2492 1212 eius,
2550 1140 2620 1201 et
2691 1134 3046 1201 heredibus
3119 1131 3222 1195 vel

1206 1238 1559 1322 assignatis
1602 1239 1763 1316 suis,
1791 1237 2016 1315 libere,
2043 1239 2292 1324 quiete,
2327 1239 2608 1326 integre,
2637 1240 2804 1304 bene
2845 1243 2918 1303 et
2961 1238 3034 1300 in
3061 1255 3226 1321 pace

1205 1343 1717 1426 imperpetuum,
1758 1340 2123 1406 Reddendo
2165 1363 2243 1406 ac
2285 1341 2594 1408 faciendo
2635 1341 2908 1427 capitali
2951 1338 3224 1404 domino

1204 1445 1384 1510 feodi
1418 1445 1599 1509 illius
1627 1445 1853 1510 omnia
1879 1444 2160 1511 servicia
2200 1445 2359 1510 inde
2403 1445 2630 1512 debita
2673 1451 2743 1511 et
2781 1445 2864 1510 de
2893 1445 3036 1508 iure
3063 1463 3218 1508 con-

1205 1553 1413 1612 sueta.
1506 1549 1597 1612 Et
1652 1569 1777 1634 ego
1834 1548 2214 1634 Margareta
2271 1549 2572 1634 predicta
2628 1555 2700 1614 et
2755 1547 3028 1614 heredes
3085 1546 3216 1610 mei

1207 1652 1503 1739 predicta
1560 1651 1693 1717 duo
1750 1653 2090 1738 mesuagia
2146 1674 2299 1718 cum
2357 1653 2726 1739 curtilagiis
2784 1657 2855 1718 et
2911 1651 3216 1718 omnibus

1206 1756 1629 1842 pertinenciis
1672 1755 1810 1820 suis
1854 1755 2169 1840 predictis
2213 1755 2498 1821 Iohanni
2529 1757 2826 1843 Leggare
2868 1760 2938 1820 et
2967 1753 3039 1819 Si
3050 1753 3220 1826 bille,

1208 1861 1399 1923 uxori
1428 1859 1592 1936 eius,
1613 1864 1683 1924 et
1703 1858 2058 1924 heredibus
2085 1861 2224 1924 suis
2243 1861 2350 1924 vel
2373 1860 2512 1924 suis
2529 1861 2884 1944 assignatis
2909 1856 3222 1923 waranti-

1200 1962 1515 2038 zabimus,
1543 1962 2070 2048 acquietabimus
2100 1968 2170 2028 et
2212 1962 2664 2039 defendemus,
2708 1964 3216 2048 imperpetuum.

1203 2065 1287 2130 In
1312 2066 1501 2131 cuius
1544 2068 1639 2130 rei
1684 2066 2142 2132 testimonium
2188 2066 2343 2132 huic
2385 2069 2680 2153 presenti
2708 2073 2890 2134 carte
2919 2063 3214 2151 sigillum

1203 2190 1423 2233 meum
1452 2170 1749 2256 apposui.
1840 2169 1996 2234 Hiis
2025 2170 2308 2236 testibus
2335 2196 2353 2249 ;
2399 2153 2768 2257 Reginaldo
2799 2171 2862 2235 le
2883 2170 3219 2240 Tannare·,

1202 2272 1491 2339 Henrico
1527 2275 1815 2360 Hopare3
1869 2275 2153 2339 Roberto
2179 2274 2524 2360 Wylcote3
2572 2274 2852 2340 Ricardo
2882 2273 2966 2337 de
2989 2269 3212 2346 Clive:

1199 2375 1454 2441 Thoma
1499 2375 1723 2461 Pyg03
1773 2387 1841 2442 et
1892 2376 2124 2441 multis
2174 2377 2344 2442 aliis.
2451 2378 2628 2444 Data
2673 2377 2854 2462 apud
2887 2373 3218 2460 Wynche-

1198 2480 1503 2544 cumbam
1534 2481 1642 2545 die
1672 2480 1862 2545 Lune
1891 2482 2201 2568 proxima
2243 2486 2397 2567 post
2423 2481 2684 2548 festum
2713 2480 2946 2546 Sancti
2969 2477 3220 2550 Ylarii;

1200 2605 1375 2648 anno
1432 2585 1621 2670 regni
1678 2583 1880 2669 Regis
1939 2583 2260 2649 Edwardi
2307 2584 2522 2650 Tercii
2567 2591 2720 2672 post
2773 2584 3220 2668 conquestum

1206 2688 1515 2753 vicesimo
1546 2693 1801 2774 quarto.

1584 2999 1681 3066 De
1722 3022 1870 3066 uno
1911 2997 2262 3085 mesuagio
2304 2999 2392 3066 in
2435 2999 2832 3066 Batai-strete.

1295 3153 1619 3221 Omnibus
1652 3152 1900 3219 Christi
1929 3152 2240 3218 fidelibus
2269 3152 2354 3218 ad
2399 3174 2563 3240 quos
2607 3174 2874 3241 presens
2901 3152 3220 3239 scriptum

1206 3260 1603 3346 pervenerit,
1612 3257 1944 3324 Henricus
1966 3257 2048 3322 de
2073 3256 2518 3343 Aldryntona,
2527 3256 2822 3322 Salutem
2840 3257 2913 3320 in
2941 3256 3230 3321 Domino

1204 3362 1690 3448 sempiternam.
1779 3360 2122 3425 Noveritis
2151 3382 2258 3425 me
2287 3360 2676 3427 concessisse
2706 3366 2776 3425 et
2805 3360 3072 3426 omnino
3100 3381 3220 3445 pro

1203 3488 1309 3531 me
1340 3470 1409 3532 et
1445 3464 1799 3531 heredibus
1841 3464 2006 3529 meis
2049 3464 2538 3551 imperpetuum
2569 3464 2870 3549 quietum
2908 3463 3222 3529 clamasse

1208 3569 1499 3635 Waltero
1544 3574 1613 3634 et
1642 3568 1904 3654 Agneti,
1948 3568 2142 3633 uxori
2185 3588 2321 3644 sue,
2365 3573 2435 3633 et
2485 3588 2711 3633 eorum
2755 3566 3108 3631 heredibus
3149 3572 3222 3631 et

1200 3672 1553 3759 assignatis
1580 3672 1719 3737 suis
1741 3675 1962 3737 totum
1990 3671 2094 3735 ius
2125 3675 2194 3736 et
2215 3670 2528 3736 clamium
2550 3692 2793 3748 meum,
2815 3670 2996 3756 quod
3015 3669 3220 3735 habui

1203 3775 1310 3841 vel
1353 3775 1579 3861 aliquo
1622 3774 1817 3840 modo
1864 3772 2110 3840 habere
2164 3780 2414 3861 potero,
2463 3775 2535 3838 in
2584 3796 2719 3839 uno
2766 3774 3102 3860 mesuagio
3145 3773 3218 3837 in

1203 3877 1741 3964 Wynchecumba
1792 3878 1864 3942 in
1909 3877 2197 3963 quodam
2226 3878 2405 3957 Vico,
2449 3878 2565 3962 qui
2611 3881 2886 3943 vocatur
2938 3882 2972 3911 “
2991 3876 3220 3942 Beter-

1199 3982 1426 4061 stret,'’
1454 3982 1633 4068 quod
1676 3981 2011 4068 quondam
2056 3982 2470 4068 mesuagium
2513 3981 2653 4047 fuit
2687 3982 2960 4057 iuliane,
2987 3981 3218 4046 uxoris

1200 4086 1516 4152 Iohannis
1548 4085 1834 4171 Wynter
1862 4084 1945 4149 de
1976 4083 2723 4171 Wynchecumba-ita,
2745 4084 2922 4171 quod
2951 4105 3072 4149 nec
3094 4105 3212 4168 ege

1200 4190 1417 4255 dictus
1476 4189 1825 4266 Henricus,
1875 4209 1998 4253 nec
2046 4187 2319 4255 heredes
2378 4190 2511 4253 mei
2567 4209 2690 4253 nec
2737 4188 2978 4271 aliquis
3023 4186 3224 4265 alius,

1200 4294 1467 4363 nomine
1524 4298 1769 4369 nostr-0,
1816 4291 2074 4378 aliquid
2126 4293 2292 4357 iuris
2350 4292 2453 4357 vel
2513 4294 2748 4359 clamei
2797 4291 2870 4356 in
2923 4289 3226 4379 predicto

1200 4396 1537 4483 mesuagio
1582 4396 1665 4461 de
1710 4400 1930 4461 cetero
1982 4396 2248 4481 exigere
2292 4395 2400 4461 vel
2445 4396 2794 4461 vendicare
2822 4396 3219 4482 poterimus;

1199 4507 1302 4566 set
1358 4502 1445 4566 ab
1496 4500 1679 4567 omni
1727 4500 1992 4566 accione
2042 4500 2204 4563 iuris
2256 4498 2363 4566 vel
2416 4500 2647 4565 clamei
2699 4500 2904 4565 simus
2957 4500 3230 4577 exclusi,

1198 4607 1705 4692 imperpetuum,
1733 4624 1852 4691 per
1895 4606 2256 4689 presentes.
2347 4603 2438 4669 Et
2481 4625 2622 4689 ego,
2665 4624 2840 4681 vero,
2882 4603 3218 4689 predictus

1200 4709 1528 4775 Henricus
1558 4713 1627 4773 et
1654 4707 1926 4773 heredes
1957 4711 2086 4772 mei
2127 4712 2347 4772 totum
2392 4707 2762 4793 predictum
2806 4707 3218 4795 mesuagium

1197 4836 1347 4879 cum
1408 4814 1713 4880 omnibus
1764 4812 1902 4878 suis
1949 4812 2380 4899 pertinenciis
2429 4813 2744 4899 predictis
2797 4812 3093 4878 Waltero
3151 4817 3234 4878 et
