3731 6032
1573 963 1648 1023 13

608 1138 756 1203 que,
800 1118 1024 1194 eciam,
1078 1117 1435 1185 Ecclesiam
1490 1119 1571 1184 de
1620 1118 1995 1205 Twenynge
2049 1115 2432 1204 predictam,
2483 1116 2616 1180 iam
2641 1156 2758 1191 aava
2781 1144 2836 1188 to
2862 1138 3047 1203 'rwyn-

608 1222 895 1301 noviter,
953 1223 1048 1289 eis
1108 1227 1178 1289 et
1240 1244 1465 1288 eorum
1540 1222 1944 1288 Monasterio
2002 1221 2492 1307 appropriatam
2550 1223 2618 1284 et
2641 1204 3047 1335 ffegvrlsshfpsslro-

610 1345 943 1391 annexam
1018 1333 1089 1391 et
1160 1328 1421 1391 unitam
1488 1325 1890 1391 sufficienter
1951 1331 2019 1390 et
2091 1325 2400 1390 canonice
2459 1327 2618 1388 sunt
2641 1334 2842 1399 priated
2879 1335 2983 1384 and

611 1429 917 1507 assecuti,
959 1450 1159 1515 quam
1204 1450 1322 1512 per
1366 1430 1603 1495 Sedem
1644 1428 2096 1515 Apostolicam
2141 1430 2237 1493 eis
2283 1431 2353 1492 et
2393 1446 2618 1491 eorum
2643 1399 3018 1530 amo&

616 1531 1018 1598 Mona-sterio
1079 1533 1384 1599 obtinent
1443 1532 1916 1605 confirmatam,
1973 1531 2348 1616 dictamque
2401 1528 2621 1595 Eccle-
2645 1531 2752 1583 80⁰·

616 1635 805 1714 siam,
856 1657 1004 1701 cum
1049 1636 1188 1701 suis
1232 1637 1486 1702 iuribus
1532 1641 1601 1701 et
1643 1636 2069 1722 pertinenciis
2121 1634 2466 1708 universis,
2507 1654 2625 1719 per

614 1738 938 1804 nonnulla
988 1745 1289 1825 tempora
1348 1740 1782 1827 possederunt
1840 1746 1910 1804 et
1963 1738 2300 1824 possident
2352 1738 2424 1800 in
2481 1757 2626 1821 pre-

616 1844 810 1913 senti.
868 1844 1139 1929 pacifice
1198 1852 1269 1908 et
1336 1845 1593 1929 quiete3
1654 1848 1982 1929 petenteS,
2042 1844 2385 1919 instanter,
2450 1838 2628 1925 quod

615 1946 811 2032 ipsos,
840 1945 927 2010 ad
971 1947 1290 2033 premissa
1335 1947 1747 2033 probandum
1792 1947 1865 2009 in
1912 1946 2138 2012 debita
2182 1945 2399 2011 forma
2442 1944 2629 2020 iuriS‚

614 2048 989 2126 admittere,
1036 2071 1307 2127 necnon,
1352 2072 1473 2137 pro
1513 2051 1791 2116 veritate
1834 2050 2302 2135 premissorum
2337 2067 2628 2135 pronun-

618 2152 809 2229 ciare,
839 2174 1045 2239 eaque
1098 2152 1501 2231 confirmare,
1530 2176 1608 2221 ac
1636 2175 1678 2219 a
1706 2154 1950 2218 nostris
1993 2152 2206 2219 officio
2235 2157 2304 2217 et
2333 2151 2632 2216 examine

622 2256 958 2321 dimittere
1003 2256 1426 2343 dignaremur
1470 2258 1541 2321 in
1586 2279 1767 2344 pace.
1860 2257 2024 2334 Nos,
2053 2257 2250 2322 dictis
2280 2254 2632 2340 Religiosis

618 2359 793 2424 Viris
846 2362 918 2425 in
970 2360 1096 2426 hac
1155 2365 1344 2446 parte
1408 2362 1703 2426 volentes
1762 2360 1980 2427 facere
2039 2360 2298 2425 iusticie
2350 2356 2634 2442 comple-

620 2468 939 2542 mentum,
990 2464 1217 2529 literas
1270 2464 1683 2549 Apostolicas
1744 2464 2056 2540 bullatas,
2113 2470 2183 2528 et
2233 2462 2368 2527 alia
2415 2462 2634 2525 muni-

620 2576 845 2630 menta
890 2567 960 2631 in
1019 2566 1143 2632 hac
1194 2578 1385 2652 parte
1437 2566 1853 2643 sufficiencia,
1913 2589 2032 2653 per
2093 2566 2356 2632 eosdem
2413 2586 2632 2630 coram

622 2668 833 2734 Nobis
898 2670 1301 2735 iudicialiter
1379 2670 1698 2748 exhibita,
1757 2672 2164 2746 admisimus,
2225 2668 2634 2754 inspeximus

622 2777 692 2837 et
743 2773 1099 2859 diligenter
1159 2774 1707 2851 examinavimuS,
1766 2797 1887 2861 per
1943 2796 2072 2858 que
2133 2773 2258 2860 ipsi
2321 2772 2632 2856 Religiosi

620 2898 807 2941 suam
868 2877 1311 2943 intencionem
1374 2877 1773 2943 sufficienter
1834 2880 1904 2942 in
1967 2877 2091 2943 hac
2150 2882 2338 2963 parte
2393 2874 2635 2939 funda-

620 2990 879 3046 verunt.
1000 2980 1194 3046 Unde
1255 2980 1413 3058 Nos,
1475 2980 1770 3068 legitime
1830 2981 2254 3069 procedentes
2313 3002 2432 3066 pro
2491 2980 2636 3044 iure

624 3089 693 3149 et
751 3086 1155 3171 possessione
1215 3086 1576 3151 eorundem
1653 3085 2134 3172 Religiosorum
2195 3086 2504 3150 Virorum
2563 3085 2635 3148 in

622 3188 927 3265 ecclesiis,
985 3189 1423 3274 porcionibus),
1483 3189 1910 3275 pensionibus
1970 3194 2039 3254 et
2090 3189 2360 3255 decimis
2413 3209 2638 3274 supra-

622 3291 840 3368 dictis,
927 3292 1229 3378 ipsasque
1318 3293 1619 3358 ecclesias
1696 3295 2036 3378 porciones
2125 3303 2192 3358 et
2278 3294 2641 3379 pensiones,

622 3416 875 3461 necnon
950 3402 1020 3461 et
1086 3396 1371 3461 decimas
1446 3419 1672 3462 omnes
1732 3403 1801 3462 et
1860 3396 2158 3483 singulas
2231 3400 2641 3470 memoratas,

623 3499 712 3564 ad
785 3499 960 3584 ipsos
1035 3499 1399 3584 Religiosos
1473 3500 1665 3566 Viros
1727 3510 1795 3566 et
1871 3522 2094 3566 eorum
2156 3500 2638 3566 Monasterium

626 3603 1042 3688 pertinuisse.
1102 3625 1219 3690 per
1277 3609 1497 3670 totum
1558 3608 1821 3690 tempus
1883 3605 2270 3688 predictum,
2317 3603 2512 3670 modo
2570 3608 2640 3668 et

623 3705 858 3784 forma,
910 3707 992 3773 de
1044 3709 1285 3793 quibus
1329 3709 1764 3794 premittitur,
1809 3709 2140 3794 pertinere
2192 3712 2259 3774 et
2309 3709 2638 3793 pertinere

627 3809 865 3875 debere
939 3811 1009 3874 in
1104 3811 1411 3876 futurum
1493 3812 2004 3897 pronunciamus
2093 3821 2162 3876 et
2235 3812 2639 3878 declaramus

628 3913 701 3978 in
759 3912 889 3978 hiis
943 3915 1191 3985 literis:
1254 3914 1735 4000 premissasque
1795 3915 2115 3992 ecclesias,
2173 3917 2512 4002 porciones
2572 3922 2642 3980 et

628 4019 991 4104 pensiones,
1050 4039 1277 4083 omnes
1339 4026 1407 4084 et
1466 4019 1779 4104 singulaS,
1838 4041 1956 4104 per
2028 4023 2206 4105 ipsos
2280 4019 2642 4105 Religiosos

630 4119 845 4200 Viros,
888 4126 967 4186 ut
1006 4122 1437 4208 premittitur,
1476 4127 1826 4199 assecutas,
1869 4123 1964 4188 eis
2005 4129 2072 4188 et
2112 4145 2336 4188 eorum
2378 4124 2641 4189 Monae-

620 4225 814 4314 jeriO,
872 4246 951 4290 ex
1026 4231 1253 4290 nostra
1308 4229 1490 4292 certa
1562 4227 1865 4305 sciencia,
1923 4226 2336 4293 Auctoritate
2395 4227 2646 4292 Nostra

631 4325 1137 4415 Metropolitica
1200 4329 1681 4406 confirmamus,
1742 4351 1981 4416 easque
2053 4335 2228 4396 ratas
2295 4336 2364 4396 et
2421 4334 2644 4396 firmas

626 4431 727 4496 eis
814 4430 1047 4498 haberi
1134 4433 1459 4509 volumus,
1548 4433 1621 4497 in
1707 4441 2101 4520 perpetuum
2157 4459 2172 4514 ;
2259 4435 2645 4520 eosdemque

634 4533 996 4619 Religiosos
1044 4535 1256 4613 Viros,
1308 4540 1627 4621 tanquam
1686 4535 2088 4604 sufficienter
2147 4540 2216 4603 in
2275 4538 2399 4605 hac
2457 4545 2646 4626 parte

634 4639 943 4716 munitos,
994 4660 1036 4704 a
1092 4639 1335 4705 nostris
1396 4639 1604 4706 officio
1656 4645 1725 4706 et
1772 4642 2096 4719 examine,
2149 4643 2368 4728 quoad
2425 4647 2647 4709 omnia

634 4747 705 4806 et
747 4741 1013 4828 singula
1067 4742 1465 4829 supradicta,
1507 4743 1910 4809 dimittimus
1961 4766 2080 4830 per
2122 4745 2474 4812 decretum.
2563 4747 2648 4814 In

632 4863 913 4930 ,quorum
1004 4848 1299 4912 omnium
1404 4847 1859 4913 testimonium
1965 4848 2258 4933 sigillum
2346 4855 2646 4916 nostrum
