3731 6032
1481 998 1562 1066 '77

601 1162 1056 1250 Gonfimacio
1099 1160 1373 1228 Nicolai
1417 1160 1608 1248 Rape
1649 1160 1701 1225 I
1696 1159 1742 1227 I
1740 1159 1788 1227 Ι
1785 1158 1834 1225 Ι
1831 1211 1865 1238 .,
1909 1179 2115 1246 super
2159 1156 2443 1225 decimis
2554 1174 2671 1227 xv.

1021 1264 1310 1331 Ecclesie
1338 1264 1420 1331 de
1459 1262 2016 1349 Wymheomnbe}

603 1412 937 1489 Nicolaus,
983 1412 1360 1497 Episcopus,
1411 1432 1641 1476 servus
1693 1431 2031 1475 servorum
2091 1408 2242 1487 Dei,
2272 1406 2529 1474 dilectis
2556 1406 2960 1537 {Jopffilffiffiy

2631 1509 2660 1531 ὀ
2942 1510 2959 1535 5

511 1517 691 1593 filiis,
720 1516 970 1582 Abbati
1014 1523 1083 1580 et
1128 1514 1500 1580 Conventui
1527 1513 1915 1579 Monasterii
1948 1510 2531 1597 Wynchecumbie,
2559 1538 2699 1586 1291.

513 1618 787 1687 Ordinis
863 1618 1093 1685 Sancti
1154 1616 1511 1693 Benedicti,
1586 1615 2086 1702 Wygomiensis
2166 1615 2532 1686 Dioceseos.
2555 1601 2821 1730 {fi’fnfssope
2842 1683 2959 1717 oon-

510 1722 818 1790 Salutem
848 1729 919 1788 et
947 1720 1388 1809 Apostolicam
1419 1718 1977 1785 Benedictionem.
2091 1717 2261 1785 Cum
2314 1717 2529 1783 Nobis
2556 1731 2959 1880 gffiafsmyniahop

512 1828 769 1915 petitur
797 1824 972 1912 quod
1000 1827 1250 1889 iustum
1281 1827 1384 1889 est
1428 1827 1496 1888 et
1539 1822 1911 1898 honestum,
1938 1826 2077 1886 tam
2122 1821 2313 1907 vigor
2344 1823 2527 1906 equi·
2558 1861 2749 1911 Giffard
2768 1878 2794 1911 a
2815 1878 2891 1912 or-

507 1932 694 2001 tatis,
710 1951 909 2015 quam
940 1929 1100 1993 ordo
1130 1927 1342 2013 exigit
1362 1926 1638 1992 racionis
1662 1931 1741 1991 ut
1764 1926 1835 1990 id
1862 1947 1983 2012 per
2010 1924 2523 1990 sollicitudinem
2554 1926 2785 2003 dinaei-on
2828 1928 2884 1977 in
2927 1943 2961 1976 ι

513 2033 732 2101 Officii
762 2033 995 2099 Nostri
1039 2031 1122 2097 ad
1170 2030 1468 2095 debitum
1517 2029 1921 2116 producatur
1971 2028 2297 2094 effectum.
2390 2030 2528 2093 Ex·
2554 1996 2726 2117 ἓξὲξ,
2724 1992 2959 2106 2212er

505 2137 744 2215 hibita,
773 2135 1117 2223 siquidem,
1146 2134 1358 2200 Nobis
1387 2138 1604 2199 vestra
1632 2134 1875 2220 peticio
1915 2132 2313 2209 continebat,
2343 2134 2522 2219 quod
2554 2120 2844 2237 {3⁰05ssth
2856 2122 2959 2236 33

509 2241 767 2307 dudum
839 2242 1015 2305 inter
1067 2237 1222 2314 Vos,
1281 2258 1364 2302 ex
1425 2257 1560 2302 una
1615 2242 1824 2322 parte,
1885 2244 1954 2301 et
2028 2235 2377 2302 Nicolaum
2439 2235 2519 2301 de
2553 2251 2791 2301 nicholao
2828 2252 2894 2302 de

513 2342 832 2429 DevyseS,
891 2343 1295 2429 Perpetuum
1353 2339 1689 2406 Vicat-ium
1757 2338 2161 2406 Parochialis
2234 2339 2519 2405 Ecclesie
2552 2314 2791 2431 ἓᾞξξ·
2809 2316 2960 2366 viau-

513 2446 1090 2534 Wynchecumbie,
1125 2465 1323 2531 quam
1374 2446 1482 2524 (ut
1509 2444 1848 2527 asseritur)
1897 2444 1972 2508 in
2016 2464 2175 2508 usus
2229 2444 2527 2529 proprios
2554 2446 2715 2497 oomb.

509 2552 822 2619 canonice
896 2549 1229 2624 obtinetis,
1305 2548 1796 2633 Wygorniensis
1885 2546 2250 2622 DioceseOS‚
2331 2568 2528 2633 super

516 2654 910 2742 quibusdam
942 2652 1211 2717 decimis
1254 2657 1323 2717 et
1372 2651 1570 2715 rebus
1612 2649 1762 2716 aliis
1807 2671 1972 2735 quas
2018 2649 2195 2714 idem
2228 2649 2528 2715 Vicarius

506 2759 603 2838 tad
633 2757 1029 2843 Perpetuam
1058 2755 1389 2821 vicariam
1433 2774 1621 2819 suam
1665 2754 1876 2839 ipsius
1923 2752 2205 2819 Ecclesie
2234 2758 2529 2840 spectare

509 2860 777 2928 dicebat
807 2882 892 2925 ex
923 2859 1155 2935 altera,
1178 2865 1324 2923 orta
1355 2858 1634 2923 materia
1657 2858 2048 2943 questionis,
2077 2862 2229 2943 post
2258 2857 2528 2923 habitos

514 2986 713 3051 super
759 2964 883 3030 hoc
935 2962 1228 3028 diversos
1275 2982 1630 3049 processuS,
1675 2959 1808 3027 Vos
1858 2965 1926 3026 et
1987 2960 2163 3026 idem
2211 2959 2529 3039 Vicarius,

513 3070 858 3136 anfractus
887 3067 1225 3154 cupientes
1257 3065 1472 3130 vitare
1501 3064 1723 3151 litigii,
1745 3065 2055 3151 pacisque
2083 3085 2161 3130 ac
2190 3065 2530 3130 concordie

515 3172 708 3258 sequi
739 3171 1104 3247 consilium,
1135 3168 1536 3234 ordinationi
1579 3189 1696 3233 seu
1727 3168 2089 3254 provisioni
2119 3167 2528 3233 Venerabilis

518 3273 774 3340 Fratris
825 3275 1054 3350 nostri,
1091 3271 1566 3358 wigorniensis
1619 3270 1945 3358 Episcopi,
1975 3271 2105 3336 Vos
2158 3293 2350 3358 super
2400 3271 2531 3336 hiis

524 3384 763 3465 sponte
792 3399 870 3444 ac
897 3376 1262 3442 liberaliter
1290 3373 1706 3452 submisistis,
1735 3375 2222 3462 promittentes,
2252 3376 2530 3461 prestito

517 3482 912 3557 iuramento,
957 3481 1100 3545 eius
1143 3478 1627 3544 ordinacionem
1673 3500 1788 3543 seu
1839 3479 2281 3564 provisionem
2332 3500 2531 3564 super

512 3584 648 3650 hiis
721 3584 1058 3672 perpetuis
1117 3582 1526 3669 temporibus
1601 3579 1967 3647 observare.
2084 3581 2291 3659 Idem,
2349 3603 2530 3656 vero,

519 3687 899 3774 Episcopus,
957 3685 1338 3751 huiusmodi
1412 3685 1844 3750 submissione
1903 3689 2183 3771 recepta,
2240 3685 2530 3771 cupiens,

514 3791 740 3857 debite
812 3789 1210 3870 provisionis
1268 3787 1570 3866 remedio,
1631 3787 1945 3854 suscitate
2022 3788 2198 3854 inter
2255 3788 2389 3853 Vos
2462 3795 2579 3878 et·

511 3894 796 3962 eundem
828 3894 1164 3959 Vicarium
1217 3897 1488 3979 propter
1540 3892 1664 3958 hoc
1711 3890 2075 3956 subducere
2123 3891 2529 3958 turbacionis

514 3999 870 4086 procellas;
915 3997 1093 4062 inter
1114 3999 1331 4062 cetera
1365 3993 1840 4061 deliberacione
1871 3994 2149 4080 provida
2177 3995 2528 4072 ordinavit,

515 4107 597 4168 ut
641 4102 776 4167 Vos
821 4121 1044 4165 omnes
1090 4099 1374 4166 decimas
1419 4097 1771 4182 garbarum
1823 4107 1893 4164 et
1951 4097 2111 4175 feni,
2169 4120 2211 4163 a
2262 4098 2528 4184 quibus·
2553 4117 2641 4168 Au
2693 4119 2853 4170 tithan
2905 4119 2962 4169 of

511 4225 797 4289 cumque
830 4203 1006 4267 villis
1037 4209 1104 4267 et
1150 4201 1306 4268 locis
1357 4200 1539 4266 infra
1581 4200 1966 4266 Parochiam
2019 4201 2193 4268 dicte
2245 4202 2529 4269 Ecclesie
2554 4184 2960 4309 fflgffghffi‘ff

517 4307 813 4394 undique
842 4305 1324 4393 provenientes,
1361 4325 1616 4371 necnon
1659 4325 1883 4390 agnOS,
1912 4305 2173 4391 aliaque
2216 4307 2531 4372 animalia
2554 4315 2607 4364 in
2656 4315 2957 4365 mortum-ie·

517 4409 594 4476 in
621 4410 756 4476 illis
784 4409 1104 4496 partibus,
1126 4407 1331 4473 “viva
1355 4407 1758 4473 mortuaria”
1793 4406 2160 4494 vulgariter
2176 4409 2531 4496 appellata,
2554 4379 2833 4496 &3223
2867 4379 2962 4430 ⁰²⁰

517 4514 934 4601 integraliter
1004 4512 1400 4600 percipiatis,
1475 4511 1714 4577 vestris
1787 4512 2018 4578 usibus
2090 4513 2482 4600 applicanda
2515 4536 2531 4594 ;

521 4615 818 4705 Capituli
855 4615 1345 4703 Wygorniensis
1375 4615 1462 4679 ad
1491 4614 1562 4680 id
1590 4614 1940 4682 accedente
1970 4637 2305 4695 consensu,
2330 4623 2531 4704 prout

517 4721 593 4787 in
653 4721 863 4787 literis
928 4719 1083 4785 inde
1151 4718 1468 4786 confectis
1537 4723 1607 4785 et
1669 4718 2026 4785 eorundem
2094 4719 2400 4807 Episcopi
2464 4727 2534 4787 et

585 4902 608 4940 ²
637 4905 747 4956 Vol.
771 4903 824 4964 i..
847 4903 1129 4956 267-272.
