3731 6032
2117 982 2196 1041 34

722 1136 1108 1213 notwithstand-
1152 1135 1254 1199 vel
1288 1135 1567 1223 divisim,
1597 1156 1639 1199 a
1668 1135 1847 1201 dicta
1890 1136 2062 1202 Sede
2091 1138 2182 1201 sit
2210 1137 2564 1215 indultum,
2608 1140 2784 1224 quod
2835 1140 3154 1215 interdici,

722 1202 1126 1328 ξζέῃῗὲξῃέὴω
1148 1238 1459 1324 suspendi
1504 1239 1611 1303 vel
1663 1240 2218 1305 excommunicari
2273 1263 2406 1305 non
2462 1245 2715 1327 possint
2763 1266 2882 1328 per
2934 1244 3158 1307 literas

724 1332 851 1379 from
865 1330 1123 1397 theApos·
1151 1342 1583 1427 Apostolices‚
1626 1363 1755 1407 non
1803 1343 2124 1408 facientes
2169 1345 2425 1428 plenam
2461 1361 2530 1410 et
2561 1368 2936 1431 expressam
2969 1368 3044 1411 ac
3074 1347 3156 1411 de

722 1396 1022 1447 vohcalSee.
1150 1446 1351 1510 verbo
1401 1445 1485 1509 ad
1530 1446 1809 1510 verbum
1856 1446 1939 1511 de
1986 1446 2250 1511 indulto
2304 1448 2685 1513 huiusmodi
2731 1450 3156 1514 mencionem.

1150 1548 1306 1622 Nos,
1366 1550 1541 1613 enim
1594 1572 1675 1613 ex
1720 1571 1914 1625 nunc,
1958 1550 2222 1615 irritum
2269 1550 2678 1615 decernimus
2724 1560 2792 1616 et
2838 1555 3056 1631 inane,
3099 1554 3156 1616 si

1149 1674 1331 1717 secus
1360 1674 1559 1738 super
1587 1652 1717 1717 hiis
1739 1675 1781 1717 a
1803 1674 2152 1739 quoquam,
2172 1656 2402 1738 quavis
2431 1657 2842 1727 auctoritate,
2876 1659 3160 1721 seienter

1150 1755 1256 1821 vel
1302 1758 1696 1840 ignoranter,
1742 1757 2094 1841 contigerit
2137 1759 2543 1843 attemptari.
2631 1760 2880 1823 Datum
2930 1761 3157 1838 Rome,

1147 1860 1325 1944 apud
1377 1860 1691 1925 Sanctum
1752 1859 2048 1934 Petrum,
2111 1844 2202 1923 11'.
2267 1862 2429 1925 Idus
2488 1862 2664 1939 Iulii,
2726 1862 3157 1927 Pontificatus

1152 1964 1379 2027 Nostri
1410 1985 1585 2028 anno
1620 1962 1892 2027 decimo,

1235 2067 1513 2151 Nosque,
1544 2075 1691 2152 post
1736 2066 1936 2130 huius
1983 2066 2160 2131 modi
2206 2066 2546 2131 literarum
2593 2070 3158 2154 presentacionem

718 2167 790 2215 ¹⁰·
818 2170 894 2217 22.
1147 2176 1217 2235 et
1262 2166 1724 2256 recepcionern,
1775 2192 1972 2255 super
2028 2171 2355 2234 contentis
2405 2172 2476 2235 in
2525 2172 2769 2235 eisdem
2818 2174 3158 2258 cupientes

720 2258 1085 2372 sssoessz‘ffin
1146 2275 1510 2350 informari,
1539 2274 1694 2338 licet
1738 2274 1927 2336 nobis
1974 2273 2167 2358 plene
2211 2275 2602 2347 constiterit,
2643 2276 2816 2359 quod
2867 2276 3160 2341 Ecclesia.

720 2388 949 2452 enquiry,
1146 2378 1543 2443 Parochialis
1588 2376 1671 2441 de
1720 2376 2208 2460 Wynchcombe
2263 2378 2576 2462 contigua
2619 2380 2708 2442 sit
2758 2380 3156 2443 Monasterio

723 2453 999 2570 ffogtarch,
1145 2482 1227 2545 de
1259 2480 1747 2566 Wynchcombe
1772 2494 1841 2544 et
1874 2481 2110 2555 vicina,
2136 2496 2219 2555 et,
2244 2482 2436 2565 quod,
2475 2482 2645 2565 [per]
2677 2482 3060 2566 frequentes
3091 2488 3162 2547 et

1144 2592 1495 2651 nocturnas
1520 2583 1928 2669 pulsaciones
1953 2604 2422 2667 campanarum
2451 2584 2736 2649 Ecclesie
2765 2585 3161 2650 parochialis

1144 2689 1457 2775 predicte,
1480 2688 1808 2777 monachi,
1840 2688 1911 2750 in
1934 2688 2076 2772 ipso
2101 2688 2497 2751 Monasterio
2515 2687 2653 2752 Deo
2675 2692 3060 2765 servienteS,
3089 2690 3162 2753 in

1144 2794 1281 2857 suis
1334 2792 1534 2856 Horis
1594 2796 1665 2855 et
1722 2790 1872 2853 aliis
1925 2791 2218 2853 serviciis
2281 2790 2528 2854 divinis
2582 2790 3040 2875 impediuntur
3093 2797 3162 2857 et·

1146 2895 1625 2970 disturbantur,
1698 2893 2190 2968 nichilominus,
2263 2898 2510 2970 tamen,
2546 2952 2553 2959 .
2584 2916 2702 2979 pro
2764 2896 3163 2960 consciencie

1148 3010 1369 3066 nostre
1457 2997 1932 3063 informacione
2005 3019 2204 3082 super
2277 2998 2612 3083 premissis
2687 3004 2756 3063 et
2832 3000 3162 3064 contentis

1148 3105 1378 3170 multis
1435 3100 1831 3176 huiusmodi,
1900 3107 2112 3165 certos
2172 3106 2376 3165 testes
2437 3103 2987 3174 examinavimus,
3046 3125 3166 3189 per

1150 3231 1313 3294 quos
1343 3207 1514 3271 clare
1545 3205 1983 3290 comperimus
2026 3210 2338 3288 suggesta
2380 3203 2760 3270 huiusmodi
2793 3206 2934 3270 fore
2969 3227 3166 3286 vera3

1152 3313 1346 3387 unde,
1434 3309 1593 3384 Nos,
1669 3329 1755 3372 ne
1841 3308 1912 3371 in
1989 3307 2168 3372 dicta
2237 3307 2530 3372 Ecclesia
2605 3307 2971 3373 Parochiali
3048 3331 3167 3395 per

1152 3415 1439 3500 aliquem
1474 3413 1575 3477 vel
1606 3412 1858 3496 aliquos
1890 3431 2198 3492 campane
2225 3410 2306 3474 de
2337 3417 2546 3487 nocte,
2577 3421 2727 3497 post
2755 3412 3165 3498 Ignitegium

1155 3521 1223 3584 in
1292 3519 1469 3583 dicto
1535 3515 1930 3578 Monasterio
2005 3522 2330 3592 sonatum,
2409 3535 2769 3600 usquequO,
2830 3515 2911 3579 de
2973 3537 3166 3581 mane

1155 3624 1453 3708 proxime
1503 3624 1664 3684 tunc
1711 3623 2046 3701 sequente,
2099 3617 2169 3680 in
2219 3618 2362 3702 ipso
2395 3617 2796 3682 Monasterio
2845 3639 3167 3706 campana

1156 3747 1272 3812 pro
1346 3723 1585 3788 Primis
1658 3715 2007 3785 cantandis
2096 3721 2414 3805 pulsetur,
2502 3726 2796 3786 cessante
2873 3720 3166 3786 evidenti

1158 3828 1566 3901 necessitate,
1641 3824 2057 3888 Auctoritate
2119 3822 2493 3908 Apostolica
2553 3824 2744 3888 nobis
2803 3825 3167 3899 commissa,

736 3963 831 4012 ffi.
852 3977 964 4012 own
990 3962 1131 4012 Inhi·
1158 3933 1453 4006 firmiter,
1482 3929 1840 3993 statuimus
1863 3932 1933 3990 et
1955 3926 2351 4002 ordinamus,
2380 3949 2458 3990 ac
2476 3949 2554 3990 ea
2584 3927 2723 3990 fieri
2757 3928 3164 4013 presencium

732 4028 912 4079 bition.
1160 4041 1404 4110 tenore,
1482 4031 1877 4096 inhibemus.
1997 4029 2420 4114 Fuimusque,
2496 4031 2720 4107 eciam,
2797 4052 2917 4115 pro
2977 4037 3165 4116 parte

1162 4140 1487 4204 dictorum
1520 4135 1996 4217 Religiosorum
2022 4133 2350 4210 Virorum,
2379 4133 2656 4197 Abbatis
2687 4139 2755 4197 et
2779 4133 3167 4199 Conventus
3193 4207 3198 4212 ,

1164 4240 1546 4307 Monasterii
1569 4238 1649 4301 de
1674 4235 2189 4320 Wynchecombe
2209 4236 2506 4322 predicti,
2524 4238 3010 4302 cuminstancia
3033 4259 3168 4302 non

1164 4345 1419 4410 modica
1438 4340 1863 4425 requisiti,ut‚
1881 4339 1966 4402 ad
1991 4337 2376 4404 ulterioreni·
2395 4341 2848 4404 execucionem
2875 4341 3166 4424 ipsarum

1162 4451 1502 4514 literarum
1516 4455 1583 4508 et
1600 4448 2061 4508 contentorum
2083 4445 2152 4506 in
2174 4443 2418 4506 eisdem
2433 4441 2780 4528 procedere
2793 4464 3168 4508 curaremus

1160 4554 1349 4618 iuxta
1367 4549 1680 4615 traditam
1704 4554 1772 4610 et
1788 4545 2101 4609 directam
2125 4546 2316 4609 nobis
2333 4545 2420 4610 ab
2450 4547 2823 4632 Apostolica
2846 4547 3016 4612 Sede
3035 4548 3168 4612 for-

1160 4653 1583 4727 mam—NOS,
1630 4651 1854 4735 igitur,
1901 4647 2240 4723 mear-dus,
2293 4649 2822 4726 ArchidiaconuS,
2858 4655 3171 4716 executor

1158 4753 1475 4847 prefatuS,
1495 4754 1790 4819 volentes
1816 4751 2210 4815 Mandatum
2227 4752 2674 4837 Apostolicum
2694 4753 3168 4838 supradictum,

1158 4863 1347 4929 nobis
1368 4862 1715 4936 directum,
1744 4855 2039 4920 ulteriori
2064 4857 2442 4921 execucioni
2460 4855 2852 4922 demandare
2887 4863 2966 4922 ut
2988 4867 3169 4924 tene-
