3731 6032
1581 966 1751 1026 lxvii.

509 1125 902 1185 Confirmacio
945 1128 1268 1188 Alexandri
1295 1131 1375 1189 iii.
1788 1163 1810 1172 -
2134 1161 2155 1172 -
2480 1159 2503 1169 -
2583 1124 2798 1184 xxxvii.

523 1225 608 1282 De
637 1223 900 1284 Ecclesia
925 1225 1002 1284 de
1031 1226 1332 1288 Enestane
1447 1263 1466 1272 -
1791 1261 1812 1271 -
2136 1260 2157 1268 -
2480 1257 2500 1266 ·
2580 1223 2823 1282 xxxviii.

506 1321 900 1384 Confirmacio
923 1325 1218 1400 generalis
1443 1360 1464 1370 -
1789 1359 1810 1369 -
2136 1357 2155 1368 ·
2480 1356 2499 1364 -
2582 1321 2776 1380 xxxix.

515 1418 936 1496 Appropriaoio
962 1421 1236 1482 Rectorie
1266 1423 1341 1483 de
1369 1423 1709 1500 Twenynge
1791 1455 1811 1464 -
2138 1454 2159 1462 -
2482 1451 2502 1460 ·
2582 1416 2659 1476 xl.

515 1515 606 1575 De
632 1516 876 1577 decimis
903 1520 1208 1578 novalium
1439 1554 1460 1564 -
1790 1553 1807 1562 -
2130 1551 2151 1560 ·
2476 1549 2495 1558 -
2578 1515 2677 1573 xli.

507 1613 898 1674 confirmacio
924 1617 1216 1693 generalis
1245 1613 1602 1698 [Honorius]
1785 1651 1805 1660 ·
2132 1649 2151 1658 -
2476 1647 2495 1656 —
2578 1613 2699 1672 xlii.

513 1711 793 1771 Dimissio
817 1713 1042 1773 domini
1085 1716 1328 1775 Hem-ici
1357 1716 1640 1776 Cantuar’
1671 1716 1945 1793 Episcopi
1986 1733 2095 1792 pro
2137 1713 2398 1773 Ecclesia
2440 1720 2504 1771 et.

673 1809 909 1870 Vicaria
951 1812 1026 1871 de
1075 1813 1376 1872 Enestone
1431 1815 1494 1872 in
1553 1814 1900 1872 visitacione
1958 1831 2083 1884 sua,
2142 1818 2204 1870 αθ
2262 1809 2499 1868 Domini

673 1906 835 1964 mill'
819 1926 938 1966 imo
965 1913 1170 1968 ccccmo
1195 1911 1362 1968 xxiv⁰
1446 1943 1466 1952 -
2137 1942 2157 1950 -
2480 1941 2501 1949 -
2581 1905 2723 1963 xliii.

507 2003 738 2063 Citacio
763 2004 988 2064 domini
1017 2006 1242 2067 Thome
1271 2008 1514 2086 Wattys
1543 2007 1762 2067 Vicat-ii
1791 2008 1867 2066 de
1898 2007 2162 2065 Enstoue
2484 2037 2497 2046 ·
2585 2005 2726 2061 xliv.

511 2101 694 2160 Carta
721 2103 996 2162 Edwardi
1025 2105 1206 2182 Regis
1233 2125 1342 2182 pro
1369 2105 1602 2166 venella
1636 2106 1891 2164 Petecru
2135 2137 2155 2146 -
2477 2138 2499 2178 .·
2582 2102 2697 2160 xlv.

512 2198 872 2260 Perdonacio
901 2201 1174 2260 Edwardi
1205 2203 1386 2279 Regis
1439 2237 1460 2248 -
1785 2237 1805 2246 ·
2130 2235 2150 2244 ·
2477 2233 2495 2242 ·
2577 2199 2719 2257 xlvi.

511 2295 808 2356 Iohannes
836 2298 961 2357 Rex
990 2318 1096 2377 pro
1125 2308 1282 2358 terra
1311 2299 1387 2360 de
1425 2299 1771 2360 Haseltone.
1805 2299 2151 2382 3aneworth
2476 2330 2496 2338 -
2578 2295 2737 2354 xlvii.
2826 2373 2833 2378 ὁ

507 2395 694 2454 Carta.
721 2395 966 2455 Hem-ici
993 2397 1174 2473 Regis
1202 2396 1277 2456 de
1305 2397 1735 2476 Drymerstone
2130 2431 2151 2438 -
2476 2431 2495 2439 -
2577 2394 2760 2453 xlviii.

505 2491 694 2551 Carta
718 2493 944 2552 domini
973 2493 1214 2553 Hem-ici
1245 2495 1426 2571 Regis
1454 2514 1562 2572 pro
1589 2495 1856 2555 thelonio
2124 2527 2145 2536 -
2470 2525 2491 2534 ·
2571 2491 2707 2549 xlix.

509 2590 692 2650 Carta.
745 2591 971 2650 domini
1029 2593 1273 2651 Henrici
1331 2593 1514 2670 Regis
1573 2611 1682 2670 pro
1736 2592 2073 2664 Haseltone,
2124 2603 2331 2667 3auew
2336 2591 2489 2660 orth,

672 2689 974 2766 Hallynge
1001 2688 1076 2748 de
1103 2691 1448 2749 remissione
1477 2710 1688 2749 novem
1718 2691 2009 2749 librarum
2130 2723 2151 2732 -
2576 2688 2617 2745 l.

501 2785 894 2844 confirmacio
922 2787 1102 2863 Regis
1145 2806 1252 2864 pro
1289 2788 1474 2847 Carta
1500 2787 1782 2846 Willelmi
1813 2787 2073 2866 Taylard
2104 2785 2492 2846 Gadelewelle
2574 2785 2632 2844 li

507 2884 802 2943 Hem-icus
829 2885 955 2943 Rex
983 2903 1164 2963 super
1190 2904 1466 2944 warenna
1490 2885 1566 2944 de
1593 2885 2136 2964 Wynchecumba·
2468 2917 2488 2925 ·
2568 2882 2648 2941 lii.

503 2981 896 3041 confirmacio
921 2983 1146 3041 domini
1175 2983 1356 3060 Regis
1383 3001 1492 3062 pro
1519 2991 1680 3043 berra.
1706 2984 1780 3043 de
1810 2983 1997 3061 Cotys
2024 2992 2087 3042 et
2115 2982 2317 3060 Thi-op
2467 3015 2485 3025 ·
2568 2981 2670 3041 liii.

507 3080 690 3138 Carta
717 3079 896 3156 Regis
923 3098 1031 3157 pro
1058 3080 1236 3139 Gotes
1437 3114 1458 3125 —
1781 3115 1801 3125 -
2129 3116 2147 3125 -
2471 3115 2491 3124 -
2574 3078 2672 3137 liv.

505 3178 688 3236 Carta
712 3177 788 3236 de
815 3177 1017 3256 Throp
1041 3178 1238 3254 quoad
1266 3178 1576 3237 dominum
1605 3180 1934 3239 Iohannem
1960 3179 2036 3238 de
2064 3178 2307 3237 Sudleia
2468 3211 2489 3219 -
2572 3178 2649 3236 lv.

500 3276 893 3335 Confirmacio
935 3276 1114 3353 Regis
1155 3277 1230 3336 de
1271 3284 1434 3336 terra.
1475 3278 1718 3339 Hem-ici
1764 3278 1840 3337 de
1882 3278 2060 3337 Cotes
2102 3287 2164 3336 et.
2208 3277 2491 3335 Iohannis

667 3373 808 3433 Oole
835 3373 910 3433 de
938 3373 1319 3451 Twenyngge
1427 3408 1450 3418 -
1773 3409 1794 3417 -
2122 3408 2139 3417 -
2468 3406 2489 3416 -
2570 3373 2671 3431 lvi.

502 3472 772 3530 Licencia
815 3470 1038 3530 domini
1089 3472 1270 3549 Regis
1318 3472 1394 3531 de
1449 3481 1711 3549 quatuor
1757 3473 1927 3532 libris
1980 3473 2055 3531 de
2102 3473 2368 3532 manerio
2413 3471 2488 3529 de

661 3568 1030 3628 Northleche
1425 3602 1448 3612 -
1771 3604 1792 3613 -
2118 3603 2138 3612 -
2466 3602 2481 3613 ·
2564 3569 2685 3627 lvii.

498 3666 921 3726 Snoweshulle.
1008 3666 1099 3726 De
1127 3675 1289 3725 terra.
1322 3666 1610 3726 Freeman
1774 3701 1794 3710 -
2466 3701 2483 3709 -
2566 3666 2706 3725 lviii.

495 3766 681 3824 Carta
707 3764 932 3823 domini
961 3764 1140 3841 Regis
1168 3784 1276 3841 pro
1304 3773 1479 3842 prato
1505 3766 1582 3824 de
1609 3766 1965 3843 Todyntone
2124 3800 2143 3808 -
2467 3798 2489 3808 -
2570 3766 2668 3824 lix.

499 3864 771 3923 Licencia
797 3863 1022 3921 domini
1053 3864 1234 3940 Regis
1261 3863 1336 3922 de
1365 3863 1629 3922 manerio
1657 3864 1732 3923 de
1763 3863 1988 3922 Rowell
2119 3896 2139 3907 —
2465 3897 2486 3905 -
2569 3863 2642 3921 lx.

498 3961 768 4019 Licencia
810 3960 1035 4019 domini
1093 3960 1275 4037 Regis
1321 3960 1396 4018 de
1443 3961 1658 4036 viginti
1709 3960 1879 4019 libris
1927 3979 2036 4037 pro
2092 3961 2354 4019 manerio
2408 3959 2483 4019 de

662 4058 885 4117 Rowell
1089 4092 1110 4101 -
1435 4092 1456 4101 -
1779 4092 1800 4103 -
2468 4092 2489 4101 -
2571 4058 2665 4117 lxi.

493 4156 680 4215 Carta
703 4156 946 4214 domino
987 4156 1168 4233 Regis
1207 4174 1316 4233 pro
1355 4163 1518 4215 terra.
1556 4157 1618 4214 in
1650 4156 2027 4227 Huniburne,
2060 4156 2382 4233 Wynriche
2418 4163 2484 4217 et

661 4254 950 4313 Grettone
1087 4289 1109 4299 —
1434 4287 1455 4295 -
1779 4288 1798 4296 -
2122 4288 2143 4299 -
2467 4286 2487 4295 ·
2568 4253 2687 4311 lxii.

491 4352 677 4411 Carta
703 4352 886 4429 Regis
908 4371 1015 4430 pro
1041 4360 1205 4410 terra.
1233 4350 1598 4429 Baldwyne
1583 4370 1645 4409 m
1679 4352 2045 4430 Honyborne
2112 4385 2132 4395 -
2458 4385 2477 4393 -
2557 4350 2698 4410 lxiii.

490 4451 675 4509 Carta
701 4451 926 4509 domini
956 4450 1136 4526 Regis
1162 4468 1272 4526 pro
1299 4449 1607 4508 Corndene
1770 4482 1790 4493 -
2116 4485 2137 4493 -
2461 4483 2482 4493 -
2562 4450 2701 4508 lxiv.

493 4549 723 4608 Littera
752 4549 932 4625 Regis
961 4548 1238 4615 Edwatdi
1266 4547 1340 4605 de
1369 4556 1600 4607 assarto
1629 4548 1703 4606 de
1733 4548 2079 4607 Ennestane
2107 4548 2478 4607 confirmatio

653 4666 759 4724 per
801 4646 1126 4705 Ricardum
1173 4646 1400 4722 Regem
1442 4645 1775 4706 secundum
1822 4646 1901 4705 ad
1950 4655 2177 4705 sectam
2224 4646 2475 4705 Walteri

653 4743 910 4803 Abbatis
957 4743 1218 4802 Secundi
1417 4776 1438 4787 —
1764 4776 1784 4785 —
2110 4778 2129 4786 -
2250 4806 2253 4811 ,
2456 4780 2478 4789 -
2561 4743 2679 4802 lxv·

491 4842 766 4901 Licencia
810 4841 999 4918 Regia
1036 4841 1112 4899 de
1154 4848 1415 4917 quatuor
1453 4842 1792 4918 mesuagiis,
1833 4841 2069 4901 duabus
2116 4843 2367 4919 virgatis
2414 4860 2484 4901 sc
