3731 6032
2139 980 2176 1039 6
2205 1012 2214 1019 .

1144 1134 1652 1221 assignavimus,
1696 1156 1971 1212 necnon,
2021 1135 2526 1222 quibuscunque
2575 1137 2737 1204 dicti
2789 1138 3176 1205 Monasterii

1143 1235 1466 1303 fratribus
1498 1244 1563 1305 et
1596 1239 1948 1317 conversis„
1979 1238 2160 1325 quod
2191 1239 2322 1326 ipsi
2353 1238 2613 1325 prefato
2644 1240 2848 1317 Patri,
2873 1242 3174 1320 Iohanni,

1010 1410 1016 1416 ,
1145 1344 1459 1427 tanquam
1523 1342 1817 1428 ipsorum
1885 1340 2154 1421 Abbati,
2218 1343 2290 1407 in
2352 1343 2674 1421 omnibus,
2735 1345 2909 1409 sicut
2969 1344 3174 1422 decet,

1148 1448 1443 1529 pareant,
1495 1443 1811 1510 obediant
1854 1450 1925 1509 et
1977 1444 2338 1511 intendant
2387 1447 2694 1512 canonice
2740 1448 3172 1533 iniungimus.

1152 1546 1234 1610 In
1285 1567 1565 1631 quorum
1612 1548 1906 1612 omnium
1955 1551 2024 1613 et
2068 1548 2483 1635 singulorum
2531 1550 3008 1629 testimonium,
3054 1550 3172 1615 has

1150 1649 1373 1714 literas
1433 1654 1693 1715 nostras
1752 1650 2014 1735 prefato
2077 1650 2363 1717 Iohanni
2423 1652 2865 1728 Cheltinham,
2925 1652 3173 1719 Abbati

1150 1751 1498 1837 prelibato,
1584 1751 1863 1817 fecimus
1954 1757 2281 1838 patentes,
2369 1754 2591 1841 sigillo
2679 1754 2875 1820 officii
2963 1755 3174 1820 nostri

1150 1854 1485 1940 sigillatas.
1536 1854 1785 1920 Datum
1824 1856 1898 1919 in
1943 1854 2344 1922 Monasterio
2389 1857 2934 1943 Wynchecombe,
2983 1864 3173 1923 sexto

1153 1955 1405 2023 decimo
1464 1956 1572 2022 die
1631 1958 1876 2023 mensis
1935 1957 2188 2035 Marcii,
2245 1979 2422 2025 anno
2496 1960 2764 2026 Domini
2824 1960 3173 2027 millesimo

1151 2070 1365 2125 0000ῚΕΙΙΟ
1396 2060 1617 2127 xxii⁶⁰.

1155 2396 1386 2463 Litera
1429 2395 1874 2463 l‘ntende‘nc‘ie
1918 2395 2241 2463 ommium
2287 2397 2670 2463 tenentium
2723 2398 3052 2465 Abbathie
3096 2400 3176 2467 de

1166 2498 1671 2586 Wynchecumbe
1692 2496 2532 2584 commandinariorum]
2557 2498 2838 2566 domino
2869 2502 3176 2571 Iohanni

1242 2600 1671 2669 Okeltinkam
1701 2600 1974 2668 Abbati.
2048 2602 2265 2669 Anno
2297 2601 2592 2669 Hem-ici
2620 2602 2807 2669 Seoetz·
2833 2605 3086 2690 prime.

730 2780 795 2831 12
818 2780 961 2833 Febr.
984 2786 1126 2843 1422,
1244 2772 1588 2849 Reatinus,
1662 2771 1787 2836 Dei
1867 2772 2124 2847 Gracia,
2197 2770 2343 2837 Rex
2417 2772 2680 2858 Anglie,
2751 2773 3038 2851 ffrancie,
3110 2780 3182 2842 et

726 2844 1131 2964 ξῖὲεωξθῗξζ
1157 2876 1465 2941 dominus
1526 2875 1865 2951 Hibernie,
1943 2874 2291 2953 militibus,
2361 2874 2586 2940 liberis
2659 2875 3036 2942 hominibus
3111 2881 3180 2944 et

730 2988 843 3028 ¹¹⁰¹*
916 2977 1133 3029 Abboffa
1160 2979 1466 3046 omnibus
1509 2978 1661 3044 aliis
1696 2978 2082 3044 tenentibus
2109 2978 2194 3044 de
2227 2977 2524 3045 Abbatia
2558 2978 2639 3044 dc
2686 2979 3178 3066 Wynchcombe

729 3041 905 3118 lqslty,
918 3048 1133 3094 restores

934 3114 1131 3173 tempo·

730 3106 811 3158 hu

1159 3083 1459 3149 salutem.
1551 3081 1717 3147 Cum
1747 3081 2162 3148 Venerabilis
2180 3081 2401 3161 Pater,
2432 3082 2800 3169 Philippus,
2822 3084 3179 3172 Episcopus

730 3172 938 3232 taliaes,
1032 3175 1133 3223 ⁸⁰⁶¹
1162 3186 1657 3272 Wygorniensis
1718 3185 2110 3251 eleccionem
2171 3207 2384 3272 nuper
2453 3187 2697 3252 factam
2756 3187 2828 3251 in
2891 3187 3180 3254 Ecclesia

727 3237 797 3288 fo.
827 3238 873 3287 4.

735 3305 1029 3354 commanda
1066 3303 1133 3353 all
1162 3289 1606 3356 Conventuali
1684 3288 1888 3355 Beate
1969 3287 2180 3353 Marie
2255 3294 2323 3353 et
2397 3287 2626 3355 Sancti
2709 3289 3018 3356 Kenelmi
3096 3292 3178 3356 de

732 3371 941 3419 “nanta
962 3373 1018 3420 to
1040 3369 1133 3418 ob-

732 3447 875 3484 serve
894 3434 1003 3484 him
1022 3434 1131 3484 dili·
1162 3391 1653 3480 Wynchcombe
1728 3391 1809 3457 de
1884 3390 2122 3457 dilecto
2201 3390 2414 3457 Nobis
2496 3394 2569 3456 in
2632 3391 2894 3460 Christo
2953 3394 3179 3471 fratre,

733 3499 923 3563 gentis.

1159 3496 1454 3561 Iohanne
1514 3493 1963 3573 Cheltinham,
2025 3493 2348 3561 monacho
2421 3495 2712 3578 eiusdem
2773 3495 3049 3576 DomuS,
3107 3499 3182 3563 in

1163 3598 1497 3664 Abbatem
1570 3598 1695 3663 loci
1769 3596 1975 3676 illius,
2034 3617 2186 3664 cum
2253 3599 2438 3684 prius
2510 3600 2766 3681 regium
2839 3621 3180 3666 assensum

1160 3700 1586 3767 adhibuimus
1661 3707 1729 3764 et
1805 3701 2118 3780 favorem,
2191 3699 2719 3780 confirmaverit;
2807 3703 2979 3768 sicut
3064 3725 3182 3788 per

1164 3805 1391 3870 literas
1447 3807 1755 3890 patentes
1812 3803 2024 3890 ipsius
2085 3801 2392 3890 Episcopi
2453 3803 2642 3869 nobis
2694 3805 2851 3871 inde
2903 3807 3179 3873 directas

1164 3909 1354 3973 nobis
1398 3912 1673 3986 constat,
1718 3905 1861 3972 Nos
1907 3905 2475 3973 confirmacionem
2521 3905 2705 3972 illam
2749 3914 3181 3995 acceptantes,

1163 4010 1456 4097 cepimus
1486 4009 1878 4076 fidelitatem
1901 4008 2111 4094 ipsius
2133 4008 2347 4076 Electi
2381 4014 2450 4075 et
2479 4011 2871 4097 temporalia
2901 4012 3180 4078 Abbatis

1160 4113 1364 4192 illius,
1406 4116 1606 4199 prout
1649 4113 1849 4178 moris
1895 4114 2016 4189 est,
2058 4113 2479 4178 restituimus
2523 4113 2761 4178 eidem.
2851 4113 2957 4197 Et,
3009 4115 3180 4195 ideo,

1161 4217 1351 4282 vobis
1381 4213 1783 4292 mandamuS,
1809 4215 1985 4301 quod
2018 4214 2227 4280 eidem
2248 4215 2551 4293 Iohanni,
2569 4219 2894 4302 tanquam
2916 4218 3182 4296 Abbati,

1160 4323 1229 4385 et
1278 4323 1515 4397 vestro,
1568 4319 1639 4383 in
1699 4318 2027 4395 omnibuS,
2073 4339 2200 4403 que
2247 4318 2333 4383 ad
2383 4318 2747 4385 Abbatiam
2815 4320 3180 4407 predictam

1160 4422 1514 4510 pertinent,
1543 4422 1966 4487 intendentes
2009 4421 2158 4486 sitis
2199 4426 2269 4486 et
2310 4423 2802 4508 respondentes,
2831 4425 3003 4490 sicut
3032 4446 3179 4510 pre·

1160 4525 1413 4591 dictum
1472 4529 1594 4590 est.
1710 4524 1793 4588 In
1852 4523 2041 4591 cuius
2101 4524 2198 4589 rei
2257 4526 2714 4590 testimonium
2775 4526 2895 4592 has
2953 4527 3179 4593 literas

1160 4632 1417 4695 nostras
1474 4625 1620 4692 fieri
1678 4625 1958 4693 fecimus
2017 4631 2342 4713 patentes.
2435 4629 2631 4694 Teste
2690 4630 2942 4716 meipso
2999 4629 3180 4716 apud

1162 4731 1840 4807 westmonasterium,
1871 4728 1994 4815 xij⁰
2024 4729 2130 4795 die
2153 4729 2515 4810 ffebruarii,
2543 4753 2719 4797 anno
2749 4733 2936 4818 regni
2966 4733 3178 4798 nostri

1160 4837 1389 4921 primo.
1479 4833 1609 4899 Per
1637 4833 1832 4899 breve
1861 4833 1944 4899 de
1973 4832 2240 4920 privato
2268 4833 2507 4920 sigillo.
2634 4834 3085 4921 Wymbyssch.
