3731 6032
1505 986 1628 1050 301

1045 1150 1142 1218 De
1185 1159 1432 1238 septem
1473 1151 1718 1220 solidis
1762 1153 1846 1220 de
1890 1151 1969 1218 H
1965 1151 2167 1240 ayles.
2605 1161 2823 1213 chlv.
2906 1143 2915 1152 '

641 1280 1031 1362 Celestinus,
1064 1287 1442 1374 Episcopus,
1471 1311 1700 1356 servus
1731 1311 2073 1356 servorum
2107 1289 2234 1355 Dei
2280 1290 2571 1356 Venera-
2606 1307 2636 1356 9
2660 1306 2793 1362 san..
2820 1308 2961 1356 1193.

558 1383 676 1449 bili
709 1386 948 1469 Fratri,
978 1390 1313 1480 EpiscopO,
1339 1397 1409 1458 et
1437 1392 1593 1458 filiis
1615 1395 1773 1470 suis,
1791 1392 2055 1460 Decano
2080 1392 2573 1471 Herefordensi,
2606 1371 3011 1486 fflmocofflff

557 1495 626 1554 et
657 1491 975 1577 Magistro
1007 1493 1314 1581 'l'[home]
1347 1495 1862 1584 Lanton[iensi]‚
1894 1496 2193 1562 Salutem
2254 1502 2322 1562 et
2368 1499 2577 1583 Apos-
2603 1506 2659 1551 to
2690 1500 2779 1550 the
2804 1501 3007 1564 Bishop,

556 1594 820 1660 tolicam
843 1597 1395 1665 Benedictionem.
1443 1599 1756 1666 Pervenit
1773 1601 1858 1665 ad
1874 1600 2015 1666 Nos
2028 1622 2107 1665 ex
2126 1601 2576 1666 insinuatione
2603 1567 3009 1693 {essssoffi‘ff

561 1696 948 1765 dilectorum
1007 1703 1295 1767 filiorum
1356 1707 1731 1768 nostrorum
1781 1703 2071 1769 Abbatis
2143 1708 2213 1768 et
2264 1704 2575 1769 Fratrum
2600 1697 3008 1826 ffim'l'tlffssxtgg

560 1800 1111 1886 Wynchecumbe,
1168 1807 1346 1890 quod
1405 1829 1556 1873 cum
1615 1808 1794 1872 inter
1852 1808 2031 1895 ipsos
2094 1813 2163 1872 et
2224 1807 2577 1884 Simonem,
2600 1842 2712 1876 me
2746 1827 2973 1876 between

555 1905 860 1971 clericum
893 1908 975 1973 de
1007 1909 1260 1989 Hailes‚
1289 1932 1488 1998 super
1515 1911 1758 1976 annuis
1787 1917 2043 1997 septem
2066 1911 2294 1977 solidis
2317 1912 2577 1996 questio
2600 1892 3004 2016 {fimffii’lgfflg

559 2015 739 2074 mota
782 2012 1038 2090 fuisset,
1068 2035 1146 2078 ea
1187 2014 1325 2080 fuit
1376 2016 1696 2100 Magistro
1741 2016 1978 2092 Alan0‚
2020 2015 2355 2099 quondam
2402 2015 2572 2081 Oan-
2602 2021 2691 2070 the
2734 2022 2908 2072 Abbat
2950 2024 3004 2071 ot

552 2114 871 2179 tuariensi
933 2116 1161 2194 Priori,
1220 2140 1417 2195 nunc,
1477 2141 1652 2196 ver0,
1713 2119 1966 2184 Abbati
2028 2119 2110 2185 de
2170 2119 2574 2185 Tekesberia
2599 2087 3003 2215 {gffossffifssbffle

557 2215 1038 2302 Wygorniensi,
1087 2226 1158 2287 et
1224 2223 1304 2287 de
1359 2221 1692 2288 Lantonia
1743 2223 1977 2300 Priori,
2032 2222 2119 2288 ab
2192 2223 2575 2308 Apostolica
2596 2218 2667 2331 gf·
2703 2218 3004 2332 rfgssialfiglg

556 2319 725 2386 Sede
757 2326 1120 2402 commissa,
1151 2331 1221 2391 et
1248 2327 1569 2412 possessio
1613 2327 1881 2392 illorum
1912 2331 2163 2412 septem
2194 2327 2572 2405 solidorum,
2599 2347 2808 2407 Haila,
2843 2349 2943 2397 and

553 2426 1055 2502 racionabiliter,
1074 2430 1268 2495 dictis
1292 2429 1638 2495 Fratribus
1661 2430 2059 2496 adiudicata.
2128 2431 2244 2496 Set
2261 2430 2565 2516 prefatus
2595 2412 3003 2542 {⁶¹52ssssssssss

553 2527 782 2593 Simon
840 2553 959 2618 per
1017 2533 1306 2599 Litteras
1364 2533 1790 2620 Apostolicas,
1836 2533 2315 2611 fraudulenter,
2366 2535 2565 2600 tacita
2594 2544 2697 2591 and
2740 2558 2838 2592 one
2879 2558 2935 2593 m

553 2633 853 2710 veritate,
901 2634 1222 2715 obtentae,
1271 2637 1341 2702 in
1394 2637 1634 2722 quibus
1692 2637 1881 2702 nulla
1938 2642 2169 2702 contra
2227 2659 2377 2702 eum
2436 2637 2572 2702 late
2596 2608 2997 2736 girzffiffijudg-

551 2727 879 2802 sententie
954 2740 1207 2805 mencio
1280 2739 1666 2817 habebatur,
1740 2740 1951 2806 dictos
2025 2739 2309 2818 Fratres,
2372 2762 2571 2827 super
2594 2753 2664 2851 οἳ,
2690 2737 2780 2787 the
2804 2737 3000 2788 Abhats

554 2839 797 2904 eisdem
830 2851 1080 2928 septem
1105 2843 1332 2909 solidis
1351 2851 1421 2909 et
1441 2866 1639 2930 super
1661 2843 1931 2910 decimis
1954 2843 2236 2908 duarum
2259 2843 2567 2909 hidarum
2594 2803 2942 2917 ἓωῖῗὲἒῖξᾱ

556 2947 744 3022 terre,
789 2967 953 3031 quas
1001 2947 1176 3011 idem
1229 2949 1708 3014 Monasterium
1753 2947 1840 3012 ab
1884 2949 2161 3034 antiquo
2213 2969 2371 3034 pace
2423 2970 2567 3035 pos-
2591 2933 2995 3049 §sampnffibffi

553 3050 829 3127 sederat,
879 3073 1096 3117 coram
1150 3051 1479 3119 iudicibus
1543 3052 1738 3117 valde
1785 3054 2103 3138 suspectis
2156 3054 2566 3138 nimiumque
2594 3015 2902 3114 woprzemote.

551 3156 841 3231 remotis,
871 3154 954 3219 de
985 3154 1174 3220 Valle
1203 3156 1350 3233 Dei,
1379 3157 1640 3233 scilicit,
1670 3161 1740 3221 et
1769 3155 1850 3221 de
1883 3155 2253 3222 Orokeston
2285 3155 2565 3221 Abbati·
2590 3130 2993 3244 §lv-iffilssgffm

549 3255 670 3320 bus
727 3263 796 3322 et
847 3257 1071 3323 Priore
1119 3258 1200 3323 de
1262 3260 1764 3345 Sempringham
1818 3260 2115 3345 graviter
2167 3259 2561 3324 molestavit.
2589 3260 2789 3308 refused
2808 3260 2990 3309 admit.-

551 3358 844 3446 Cumque
889 3362 1050 3427 dicti
1103 3362 1370 3428 Fratres
1420 3364 1748 3447 quendam
1799 3384 1993 3427 suum
2045 3362 2447 3428 Monachum
2478 3361 2561 3426 ad
2588 3325 2824 3439 ξξῖἒὲ
2847 3326 2992 3439 ἕξω

545 3464 695 3529 illos
725 3466 973 3531 iudices
1003 3488 1149 3532 cum
1184 3466 1427 3532 litteris
1473 3466 2069 3551 rac[io]habitionis
2114 3467 2464 3541 misissent,
2494 3471 2563 3531 et
2587 3470 2888 3569 iffaexoffh'at

548 3567 764 3633 dictus
825 3569 1072 3646 Simon,
1139 3570 1428 3646 clericus,
1503 3571 1573 3633 in
1634 3570 1900 3635 illorum
1954 3575 2173 3634 essent
2232 3571 2563 3654 presentia
2587 3586 2833 3647 although
2880 3554 2953 3634 i'u-

544 3674 965 3749 constitutus,
995 3674 1194 3738 iidem
1239 3673 1488 3739 iudices
1519 3672 1920 3738 Monachum
1966 3674 2185 3759 ipsum
2227 3672 2561 3737 decrever-
2586 3650 2989 3780 fflssffiffd-aggoel.

545 3783 688 3851 unt,
710 3778 852 3841 sine
875 3778 1285 3842 fideiussoria
1305 3778 1635 3849 cautione..
1650 3776 2034 3841 nullatenus
2052 3776 2560 3841 admittendum.
2586 3784 2642 3829 to
2666 3781 2838 3831 Rome·

547 3880 742 3945 Unde
816 3882 1109 3967 ipsorum
1170 3881 1483 3947 Fratrum
1557 3902 1728 3967 pare,
1786 3886 2058 3967 propter
2122 3880 2247 3945 hoc
2304 3885 2372 3945 et
2430 3880 2564 3945 alia

541 3984 898 4050 manifesta
925 3986 1335 4071 gravamina,
1362 3986 1612 4052 iudices
1656 3986 1832 4071 ipsos
1863 3990 2185 4070 tanquam
2222 3988 2561 4069 suspectos

541 4109 867 4165 recusans,
899 4090 1222 4174 quamvis,
1254 4090 1325 4153 in
1357 4090 1598 4155 litteris
1627 4088 1713 4157 ab
1741 4088 2021 4153 adversa
2050 4094 2239 4169 parte
2282 4087 2561 4152 fraudu-

459 4178 464 4185 *
542 4192 758 4258 lenter
803 4194 1112 4278 optentis,
1140 4193 1500 4280 appellatio
1543 4191 1783 4257 fuisset
1825 4190 2134 4267 inhibita,
2177 4196 2426 4267 tamen,
2470 4190 2555 4255 ab

536 4296 688 4373 illis,
731 4297 1062 4362 incidente
1121 4297 1482 4382 questione,
1533 4295 1619 4361 ad
1670 4294 2135 4382 appellationis
2181 4294 2548 4359 remedium

542 4401 943 4467 convolavit.
1055 4400 1174 4465 Set
1224 4400 1388 4465 dicti
1440 4399 1708 4476 iudices,
1758 4398 1915 4465 licet
1966 4419 2164 4485 super
2207 4397 2558 4484 principali

543 4504 810 4589 negotio
869 4503 1074 4569 nichil
1133 4504 1399 4591 penitus
1481 4503 1922 4589 disceptatum
2002 4501 2259 4577 fuisset,
2326 4506 2557 4565 contra

543 4608 891 4684 iustitiam,
949 4613 1198 4687 tamen,
1257 4608 1330 4672 in
1388 4606 1881 4694 prenominatos
1933 4604 2198 4671 Fratres
2255 4606 2559 4669 absentes

544 4713 949 4777 sentenciam
993 4711 1433 4799 protulerunt.
1523 4710 1867 4791 Quocirca,
1898 4709 2296 4775 Discretioni
2329 4707 2558 4773 Vestre

545 4816 929 4903 Apostolica
971 4816 1218 4902 scripta
1268 4815 1677 4891 mandamus,
1719 4814 1777 4879 si
1823 4835 1983 4878 vera
2028 4834 2168 4878 esse
2218 4812 2557 4888 noveritis,

543 4942 672 5006 que
730 4920 1170 5006 premisimus,
1228 4918 1424 5005 quod,
1480 4938 1524 4985 a
1580 4919 1903 5005 suspectis
1955 4921 2026 4984 et
2092 4925 2230 4981 tam
2289 4914 2556 4981 remotis
