3731 6032
2135 998 2210 1055 62

1161 1157 1527 1219 curatorem
1596 1151 1979 1229 exadverso,
2037 1174 2170 1217 non
2223 1144 2703 1239 comparentem
2757 1156 3172 1241 terminoque

1160 1262 1505 1341 prenotato
1578 1256 1849 1321 minime
1907 1256 2452 1335 satisfacientem,
2521 1258 2741 1323 debite
2785 1264 3012 1323 tamen
3056 1282 3162 1323 ex-

730 1368 815 1421 Ηο
854 1372 1077 1451 exhibita
1158 1364 1512 1444 pectatum,
1570 1362 2046 1445 reputavimuS,
2105 1365 2305 1445 prout
2363 1365 2507 1425 erat
2567 1362 2837 1447 exigens
2885 1364 3168 1438 iusticia,

728 1440 1033 1501 mmmm·
1156 1464 1392 1528 merito
1422 1467 1894 1529 contumacem.
1983 1462 2262 1539 Deinde,
2285 1464 2623 1529 nonnullis
2654 1466 3166 1551 excepcionibuS,

1156 1566 1295 1631 loco
1326 1566 1837 1632 declaracionum
1870 1588 1988 1651 per
2027 1566 2416 1651 Magistrum
2452 1566 2814 1633 Iohannem
2841 1569 3165 1645 Scrivain,

723 1665 961 1747 Drayton
1156 1670 1644 1736 Procuratorem
1696 1670 2177 1756 supradictum,
2238 1669 2547 1735 exhibitis
2599 1676 2798 1753 atque
2852 1672 3043 1748 datiS,
3095 1679 3165 1737 et

727 1732 968 1859 ἔξῖᾖθὲῃ,
1006 1804 1062 1849 at
1153 1794 1268 1857 per
1358 1774 1607 1839 dictum
1688 1772 2108 1849 Richardum,
2213 1774 2726 1849 Procuratorem,
2828 1774 3166 1840 nonnullis

722 1861 919 1978 22¹²&
974 1866 1125 1981 22⁰2ss
1151 1877 1691 1962 replicacionibus
1793 1884 2023 1942 contra
2133 1876 2342 1941 dictas
2446 1878 2880 1961 excepeiones,
2982 1877 3162 1944 facto

724 1991 780 2042 in
804 1945 1065 2058 writigg.y
1150 1980 1465 2045 exhibitis
1526 1986 1595 2045 et
1678 1978 2368 2065 productis—tandem
2445 1979 2761 2065 Magister
2834 1980 3162 2047 Iohannes

1151 2084 1470 2161 Scrivain,
1547 2080 1934 2147 Procurator
2029 2082 2466 2164 supradictus,
2553 2084 2883 2165 quandam
2960 2085 3160 2167 petic-

1148 2188 1365 2252 ionem
1424 2186 1850 2251 summariam
1937 2184 2118 2251 facto
2205 2190 2273 2249 et
2373 2187 2442 2248 in
2537 2188 2798 2271 scriptis
2861 2186 3162 2253 exhibuit

722 2276 804 2324 He
826 2276 869 2325 ³⁸
890 2276 1057 2337 &⁶⁹³³
1148 2295 1349 2375 atque
1452 2290 1651 2354 dedit.
1789 2288 1940 2369 Qua
2057 2288 2382 2373 peticione
2501 2290 2872 2365 summaria,
2987 2292 3162 2356 sicut

719 2340 1089 2467 gaglffnfflg-
1148 2394 1574 2479 permittitur,
1649 2391 1947 2457 exhibita
2027 2398 2225 2476 atque
2324 2391 2662 2478 producta,
2753 2392 2912 2469 Nos,
2977 2396 3161 2471 tunc,

722 2468 857 2519 Μ’
880 2471 1118 2523 ⁵¹¹⁸¹⁵⁸¹²⁰⁰·
1146 2497 1233 2562 ad
1343 2496 1620 2583 predicti
1738 2494 2038 2581 Magistri
2131 2494 2396 2560 sicardi
2503 2494 2953 2561 procuratoris
3057 2497 3160 2561 in-

912 2594 917 2599 *
1145 2602 1485 2679 stanciam,
1544 2600 1943 2685 Magistrum
2011 2598 2376 2663 Iohannem
2439 2598 2739 2663 Scrivain
2797 2599 3160 2667 exadverso

1147 2704 1640 2769 Procuratorem
1748 2702 2136 2788 predictum,
2248 2700 2334 2765 ad
2450 2701 2970 2767 concludendum
3086 2708 3158 2769 et

1144 2807 1444 2873 concludi
1527 2806 1885 2871 videndum
1980 2803 2086 2869 vel
2174 2803 2635 2880 addicendum,
2737 2816 2805 2869 et
2891 2827 3155 2872 causam

1142 2911 1605 2977 racionabilem
1685 2909 2124 2995 allegandum,
2213 2908 2472 2993 siquam
2564 2907 2860 2985 haberet,
2949 2930 3153 2995 quare

1142 3018 1214 3080 in
1285 3014 1663 3080 huiusmodi
1752 3035 1949 3078 causa
2041 3011 2342 3077 concludi
2433 3032 2564 3076 non
2658 3010 2956 3089 debebat,
3037 3036 3156 3099 per

1140 3140 1349 3183 unum
1395 3118 1476 3182 de
1520 3117 1682 3181 dicti
1726 3115 1976 3180 domini
2033 3115 2241 3180 nostri
2295 3114 2475 3200 Pape
2521 3114 2908 3180 Cursor-ibus
2962 3117 3152 3181 citari

1141 3221 1600 3286 mandavimus
1673 3225 1742 3284 et
1798 3218 2094 3294 fecimus,
2153 3217 2239 3282 ad
2300 3223 2560 3282 certum
2639 3219 3152 3305 peremptorium

1140 3325 1513 3400 terminum,
1573 3345 1769 3409 quem
1827 3326 1898 3387 et
1971 3321 2294 3406 Magistro
2355 3320 2658 3398 Ricardo,
2719 3321 3156 3401 Procuratori,

714 3441 945 3506 Drayton
1140 3430 1390 3514 petenti
1448 3427 1817 3503 statuimuS,
1876 3430 2052 3500 tunc,
2107 3424 2192 3488 ad
2251 3424 2445 3487 idem.
2536 3423 2617 3487 In
2692 3445 2822 3508 quo
2882 3425 3148 3509 quidem

706 3521 929 3570 ‘pm
1136 3532 1436 3607 termino,
1480 3533 1895 3614 comparente
1942 3549 2158 3592 coram
2211 3527 2400 3591 nobis
2459 3527 2774 3612 Magistro
2823 3527 3149 3594 Richardo

711 3636 936 3687 Scrinia
959 3637 1011 3686 in
1136 3635 1451 3721 Drayton,
1510 3633 1936 3697 Procurator-e
1997 3631 2309 3716 predicto,
2359 3630 2806 3714 procuratorio
2867 3633 3156 3713 nomine,

709 3702 923 3760 default.
1136 3761 1265 3826 quo
1324 3759 1538 3823 supra,
1586 3741 1654 3801 ct
1712 3733 2020 3818 prelibati
2083 3735 2388 3818 Magistri
2443 3732 2759 3797 Iohannis
2821 3733 2962 3797 Scri
2974 3735 3147 3810 vain,

1134 3841 1598 3916 Procurator-is,
1672 3860 1807 3903 non
1895 3838 2351 3922 comparentis,
2425 3857 2543 3900 nec
2617 3837 2686 3900 in
2767 3836 3148 3902 huiusmodi

1133 3966 1330 4013 causa
1388 3941 1768 4010 concludere
1824 3946 1945 4005 aut
2013 3939 2312 4005 concludi
2374 3939 2595 4006 videre
2647 3941 2936 4005 curantis
2995 3962 3147 4004 con·
3239 3939 3246 3950 '

1134 4047 1483 4112 tumaciam
1578 4053 1941 4120 accusante,
2001 4045 2349 4129 ipsumque
2427 4065 2546 4128 per
2627 4065 2745 4106 nos
2851 4045 3144 4126 reputari

1134 4158 1400 4237 petente
1431 4158 1896 4222 contumacem,
1926 4151 1994 4210 et
2026 4148 2095 4209 in
2126 4147 2266 4210 eius
2296 4145 2772 4210 contumaciam
2802 4145 2874 4209 in
2917 4144 3147 4210 huius-

1137 4255 1314 4319 modi
1344 4275 1540 4319 causa
1584 4250 1902 4326 concludi,
1932 4265 2000 4313 et
2045 4271 2163 4335 pro
2211 4248 2512 4314 concluso
2563 4248 2790 4313 haberi
2842 4270 2959 4334 per
3009 4270 3127 4314 nos

706 4367 794 4417 fol.
824 4367 900 4417 48.
1136 4380 1283 4425 cum
1343 4358 1665 4422 instancia
1725 4352 2118 4440 postulante,
2170 4359 2238 4417 et
2291 4357 2614 4436 quantum
2671 4352 2745 4416 in
2801 4352 2946 4438 ipso
3003 4358 3149 4419 erat

1135 4460 1517 4529 concludere
1591 4460 1661 4523 in
1734 4457 2002 4536 eadem;
2086 4477 2206 4521 nos
2299 4455 2667 4541 predictum
2743 4455 3142 4540 Magistrum

1136 4565 1513 4638 Iohannem,
1544 4562 2060 4636 Procuratorem,
2092 4579 2221 4624 non
2250 4569 2730 4641 comparentem
2761 4578 2880 4623 nec
2914 4559 3141 4623 huius-

706 4696 814 4747 and
834 4701 1009 4746 mmm.
1136 4669 1315 4734 modi
1408 4667 1689 4731 termino
1782 4662 2318 4738 satisfacientem,
2414 4665 2792 4746 reputantes
2881 4662 3138 4740 meritc,

708 4761 945 4812 ww*
1136 4773 1439 4856 exigente
1533 4766 1810 4844 iusticia,
1906 4769 2377 4842 contumacem,
2463 4765 2537 4828 in
2639 4765 2851 4851 ipsius
2911 4773 3146 4830 contu-

1134 4876 1428 4951 maciam,
1478 4892 1759 4937 unacum
1804 4869 1982 4936 dicto
2048 4867 2364 4954 Magistro
2427 4867 2770 4946 Richardo,
2826 4866 3145 4935 Procura-
