<?xml version="1.0" encoding="UTF-8"?>
<!DOCTYPE html PUBLIC "-//W3C//DTD XHTML 1.0 Transitional//EN"
    "http://www.w3.org/TR/xhtml1/DTD/xhtml1-transitional.dtd">
<html xmlns="http://www.w3.org/1999/xhtml" xml:lang="en" lang="en">
 <head>
  <title>
</title>
<meta http-equiv="Content-Type" content="text/html;charset=utf-8" />
  <meta name='ocr-system' content='tesseract 3.04.00' />
  <meta name='ocr-capabilities' content='ocr_page ocr_carea ocr_par ocr_line ocrx_word'/>
</head>
<body>
  <div class='ocr_page' id='page_1' title='image "./landboc00bazegoog_0088.png"; bbox 0 0 3731 6032; ppageno 0'>
   <div class='ocr_carea' id='block_1_1' title="bbox 1972 967 2142 1028">
    <p class='ocr_par' dir='ltr' id='par_1_1' title="bbox 1972 967 2142 1028">
     <span class='ocr_line' id='line_1_1' title="bbox 1972 967 2142 1028; baseline 0 -1"><span class='ocrx_word' id='word_1_1' title='bbox 1972 967 2142 1028; x_wconf 83' lang='lat' dir='ltr'><strong>lxx-x.</strong></span> 
     </span>
    </p>
   </div>
   <div class='ocr_carea' id='block_1_2' title="bbox 891 1144 2730 1223">
    <p class='ocr_par' dir='ltr' id='par_1_2' title="bbox 891 1144 2730 1223">
     <span class='ocr_line' id='line_1_2' title="bbox 891 1144 2730 1223; baseline -0.001 -18"><span class='ocrx_word' id='word_1_2' title='bbox 891 1144 980 1205; x_wconf 91' lang='lat' dir='ltr'><strong>De</strong></span> <span class='ocrx_word' id='word_1_3' title='bbox 1006 1145 1244 1205; x_wconf 89' lang='lat' dir='ltr'><strong>duobus</strong></span> <span class='ocrx_word' id='word_1_4' title='bbox 1270 1145 1613 1207; x_wconf 81' lang='lat' dir='ltr'><strong>ferendellis</strong></span> <span class='ocrx_word' id='word_1_5' title='bbox 1640 1145 1976 1206; x_wconf 73' lang='lat' dir='ltr'><strong>iacentibus</strong></span> <span class='ocrx_word' id='word_1_6' title='bbox 2003 1146 2068 1205; x_wconf 90' lang='lat' dir='ltr'><strong>in</strong></span> <span class='ocrx_word' id='word_1_7' title='bbox 2095 1146 2324 1223; x_wconf 75' lang='lat' dir='ltr'><strong>campis</strong></span> <span class='ocrx_word' id='word_1_8' title='bbox 2353 1144 2430 1205; x_wconf 88' lang='lat' dir='ltr'><strong>de</strong></span> <span class='ocrx_word' id='word_1_9' title='bbox 2459 1145 2628 1204; x_wconf 84' lang='lat' dir='ltr'><strong>Cotis</strong></span> <span class='ocrx_word' id='word_1_10' title='bbox 2712 1179 2730 1189; x_wconf 96' lang='lat'>-</span> 
     </span>
    </p>
   </div>
   <div class='ocr_carea' id='block_1_3' title="bbox 880 1241 2727 1808">
    <p class='ocr_par' dir='ltr' id='par_1_3' title="bbox 888 1241 2721 1302">
     <span class='ocr_line' id='line_1_3' title="bbox 888 1241 2721 1302; baseline 0.001 -1"><span class='ocrx_word' id='word_1_11' title='bbox 888 1242 981 1302; x_wconf 86' lang='lat' dir='ltr'><strong>De</strong></span> <span class='ocrx_word' id='word_1_12' title='bbox 1005 1242 1242 1302; x_wconf 88' lang='lat' dir='ltr'><strong>duobus</strong></span> <span class='ocrx_word' id='word_1_13' title='bbox 1270 1243 1630 1302; x_wconf 73' lang='lat' dir='ltr'><strong>tenementis</strong></span> <span class='ocrx_word' id='word_1_14' title='bbox 1656 1243 1720 1302; x_wconf 88' lang='lat' dir='ltr'><strong>in</strong></span> <span class='ocrx_word' id='word_1_15' title='bbox 1748 1241 2174 1302; x_wconf 84' lang='lat' dir='ltr'><strong>Northestrete</strong></span> <span class='ocrx_word' id='word_1_16' title='bbox 2205 1251 2271 1302; x_wconf 90' lang='lat' dir='ltr'><strong>et</strong></span> <span class='ocrx_word' id='word_1_17' title='bbox 2300 1242 2672 1302; x_wconf 87' lang='lat' dir='ltr'><strong>Beterstrete</strong></span> <span class='ocrx_word' id='word_1_18' title='bbox 2697 1275 2721 1286; x_wconf 89' lang='lat'><strong>·</strong></span> 
     </span>
    </p>

    <p class='ocr_par' dir='ltr' id='par_1_4' title="bbox 885 1338 2727 1514">
     <span class='ocr_line' id='line_1_4' title="bbox 885 1338 2727 1400; baseline -0.001 -1"><span class='ocrx_word' id='word_1_19' title='bbox 885 1338 1070 1399; x_wconf 79' lang='lat' dir='ltr'><strong>Carta</strong></span> <span class='ocrx_word' id='word_1_20' title='bbox 1122 1339 1363 1398; x_wconf 78' lang='lat' dir='ltr'><strong>Ricardi</strong></span> <span class='ocrx_word' id='word_1_21' title='bbox 1434 1339 1710 1399; x_wconf 88' lang='lat' dir='ltr'><strong>Busshell</strong></span> <span class='ocrx_word' id='word_1_22' title='bbox 1762 1339 1839 1400; x_wconf 85' lang='lat' dir='ltr'><strong>de</strong></span> <span class='ocrx_word' id='word_1_23' title='bbox 1905 1339 2157 1400; x_wconf 82' lang='lat' dir='ltr'><strong>diversis</strong></span> <span class='ocrx_word' id='word_1_24' title='bbox 2227 1341 2595 1400; x_wconf 74' lang='lat' dir='ltr'><strong>tenementis</strong></span> <span class='ocrx_word' id='word_1_25' title='bbox 2666 1340 2727 1397; x_wconf 93' lang='lat' dir='ltr'><strong>in</strong></span> 
     </span>
     <span class='ocr_line' id='line_1_5' title="bbox 1054 1435 2383 1514; baseline 0.001 -19"><span class='ocrx_word' id='word_1_26' title='bbox 1054 1435 1545 1514; x_wconf 76' lang='lat' dir='ltr'><strong>Wyncheoumba</strong></span> <span class='ocrx_word' id='word_1_27' title='bbox 1674 1471 1690 1482; x_wconf 92' lang='lat'><strong>·</strong></span> <span class='ocrx_word' id='word_1_28' title='bbox 2016 1470 2037 1479; x_wconf 93' lang='lat'>-</span> <span class='ocrx_word' id='word_1_29' title='bbox 2360 1473 2383 1482; x_wconf 93' lang='lat'>-</span> 
     </span>
    </p>

    <p class='ocr_par' dir='ltr' id='par_1_5' title="bbox 882 1533 2727 1693">
     <span class='ocr_line' id='line_1_6' title="bbox 882 1533 2727 1612; baseline -0.001 -18"><span class='ocrx_word' id='word_1_30' title='bbox 882 1535 1069 1594; x_wconf 76' lang='lat' dir='ltr'><strong>Carta</strong></span> <span class='ocrx_word' id='word_1_31' title='bbox 1123 1533 1409 1594; x_wconf 78' lang='lat' dir='ltr'><strong>Iohannis</strong></span> <span class='ocrx_word' id='word_1_32' title='bbox 1456 1534 1855 1594; x_wconf 74' lang='lat' dir='ltr'><strong>Cheltenham</strong></span> <span class='ocrx_word' id='word_1_33' title='bbox 1908 1534 1986 1593; x_wconf 88' lang='lat' dir='ltr'><strong>de</strong></span> <span class='ocrx_word' id='word_1_34' title='bbox 2027 1553 2152 1594; x_wconf 77' lang='lat' dir='ltr'><strong>una</strong></span> <span class='ocrx_word' id='word_1_35' title='bbox 2191 1534 2398 1612; x_wconf 68' lang='lat' dir='ltr'><strong>placeo.</strong></span> <span class='ocrx_word' id='word_1_36' title='bbox 2439 1543 2600 1594; x_wconf 85' lang='lat' dir='ltr'><strong>terre</strong></span> <span class='ocrx_word' id='word_1_37' title='bbox 2661 1535 2727 1593; x_wconf 92' lang='lat' dir='ltr'><strong>in</strong></span> 
     </span>
     <span class='ocr_line' id='line_1_7' title="bbox 1054 1633 2376 1693; baseline 0 -1"><span class='ocrx_word' id='word_1_38' title='bbox 1054 1633 1422 1693; x_wconf 86' lang='lat' dir='ltr'><strong>Beterstrete</strong></span> <span class='ocrx_word' id='word_1_39' title='bbox 1658 1665 1681 1677; x_wconf 93' lang='lat'>-</span> <span class='ocrx_word' id='word_1_40' title='bbox 2006 1665 2028 1675; x_wconf 96' lang='lat'><em>-</em></span> <span class='ocrx_word' id='word_1_41' title='bbox 2355 1665 2376 1675; x_wconf 94' lang='lat'>-</span> 
     </span>
    </p>

    <p class='ocr_par' dir='ltr' id='par_1_6' title="bbox 880 1729 2720 1808">
     <span class='ocr_line' id='line_1_8' title="bbox 880 1729 2720 1808; baseline -0.001 -19"><span class='ocrx_word' id='word_1_42' title='bbox 880 1731 1068 1790; x_wconf 74' lang='lat' dir='ltr'><strong>Carta</strong></span> <span class='ocrx_word' id='word_1_43' title='bbox 1092 1731 1293 1789; x_wconf 83' lang='lat' dir='ltr'><strong>uxoris</strong></span> <span class='ocrx_word' id='word_1_44' title='bbox 1322 1729 1607 1790; x_wconf 77' lang='lat' dir='ltr'><strong>Iohannis</strong></span> <span class='ocrx_word' id='word_1_45' title='bbox 1633 1729 2033 1790; x_wconf 76' lang='lat' dir='ltr'><strong>Cheltenham</strong></span> <span class='ocrx_word' id='word_1_46' title='bbox 2060 1729 2138 1788; x_wconf 87' lang='lat' dir='ltr'><strong>de</strong></span> <span class='ocrx_word' id='word_1_47' title='bbox 2168 1729 2439 1807; x_wconf 80' lang='lat' dir='ltr'><strong>predicta</strong></span> <span class='ocrx_word' id='word_1_48' title='bbox 2466 1729 2720 1808; x_wconf 78' lang='lat' dir='ltr'><strong>placea-</strong></span> 
     </span>
    </p>
   </div>
   <div class='ocr_carea' id='block_1_4' title="bbox 2801 1147 3148 1302">
    <p class='ocr_par' dir='ltr' id='par_1_7' title="bbox 2801 1147 3148 1302">
     <span class='ocr_line' id='line_1_9' title="bbox 2817 1147 3112 1205; baseline -0.003 0"><span class='ocrx_word' id='word_1_49' title='bbox 2817 1147 3112 1205; x_wconf 78' lang='lat' dir='ltr'><strong>cccxxxvi.</strong></span> 
     </span>
     <span class='ocr_line' id='line_1_10' title="bbox 2801 1242 3148 1302; baseline 0 0"><span class='ocrx_word' id='word_1_50' title='bbox 2801 1242 3148 1302; x_wconf 81' lang='lat' dir='ltr'><strong>ccclxxxvii.</strong></span> 
     </span>
    </p>
   </div>
   <div class='ocr_carea' id='block_1_5' title="bbox 2705 1437 3168 1496">
    <p class='ocr_par' dir='ltr' id='par_1_8' title="bbox 2705 1437 3168 1496">
     <span class='ocr_line' id='line_1_11' title="bbox 2705 1437 3168 1496; baseline 0 0"><span class='ocrx_word' id='word_1_51' title='bbox 2705 1469 2726 1480; x_wconf 90' lang='lat'><strong>·</strong></span> <span class='ocrx_word' id='word_1_52' title='bbox 2809 1437 3168 1496; x_wconf 80' lang='lat' dir='ltr'><strong>ccclxxxviii.</strong></span> 
     </span>
    </p>
   </div>
   <div class='ocr_carea' id='block_1_6' title="bbox 2700 1632 3118 1692">
    <p class='ocr_par' dir='ltr' id='par_1_9' title="bbox 2700 1632 3118 1692">
     <span class='ocr_line' id='line_1_12' title="bbox 2700 1632 3118 1692; baseline -0.005 0"><span class='ocrx_word' id='word_1_53' title='bbox 2700 1666 2720 1676; x_wconf 94' lang='lat'>-</span> <span class='ocrx_word' id='word_1_54' title='bbox 2801 1632 3118 1692; x_wconf 81' lang='lat' dir='ltr'><strong>ccclxxxix.</strong></span> 
     </span>
    </p>
   </div>
   <div class='ocr_carea' id='block_1_7' title="bbox 2801 1748 2990 1790">
    <p class='ocr_par' dir='ltr' id='par_1_10' title="bbox 2801 1748 2990 1790">
     <span class='ocr_line' id='line_1_13' title="bbox 2801 1748 2990 1790; baseline -0.011 0"><span class='ocrx_word' id='word_1_55' title='bbox 2801 1748 2990 1790; x_wconf 87' lang='grc' dir='ltr'><strong>000Χο.</strong></span> 
     </span>
    </p>
   </div>
   <div class='ocr_carea' id='block_1_8' title="bbox 884 1823 2800 1904">
    <p class='ocr_par' dir='ltr' id='par_1_11' title="bbox 884 1823 2800 1904">
     <span class='ocr_line' id='line_1_14' title="bbox 884 1823 2800 1904; baseline -0.001 -18"><span class='ocrx_word' id='word_1_56' title='bbox 884 1827 1071 1886; x_wconf 74' lang='lat' dir='ltr'><strong>Carta</strong></span> <span class='ocrx_word' id='word_1_57' title='bbox 1110 1827 1448 1904; x_wconf 79' lang='lat' dir='ltr'><strong>Margarete</strong></span> <span class='ocrx_word' id='word_1_58' title='bbox 1489 1827 1548 1886; x_wconf 87' lang='lat' dir='ltr'><strong>le</strong></span> <span class='ocrx_word' id='word_1_59' title='bbox 1588 1827 1795 1886; x_wconf 88' lang='lat' dir='ltr'><strong>White</strong></span> <span class='ocrx_word' id='word_1_60' title='bbox 1849 1827 1926 1887; x_wconf 90' lang='lat' dir='ltr'><strong>de</strong></span> <span class='ocrx_word' id='word_1_61' title='bbox 1973 1827 2222 1886; x_wconf 78' lang='lat' dir='ltr'><strong>dimidia</strong></span> <span class='ocrx_word' id='word_1_62' title='bbox 2269 1843 2408 1886; x_wconf 79' lang='lat' dir='ltr'><strong>acra</strong></span> <span class='ocrx_word' id='word_1_63' title='bbox 2449 1835 2608 1887; x_wconf 86' lang='lat' dir='ltr'><strong>terre</strong></span> <span class='ocrx_word' id='word_1_64' title='bbox 2661 1828 2726 1886; x_wconf 86' lang='lat' dir='ltr'><strong>in</strong></span> <span class='ocrx_word' id='word_1_65' title='bbox 2792 1823 2800 1840; x_wconf 79' lang='grc'><strong>“’</strong></span> 
     </span>
    </p>
   </div>
   <div class='ocr_carea' id='block_1_9' title="bbox 1050 1924 1693 2003">
    <p class='ocr_par' dir='ltr' id='par_1_12' title="bbox 1050 1924 1693 2003">
     <span class='ocr_line' id='line_1_15' title="bbox 1050 1924 1693 2003; baseline 0 -19"><span class='ocrx_word' id='word_1_66' title='bbox 1050 1943 1259 2002; x_wconf 78' lang='lat' dir='ltr'><strong>campo</strong></span> <span class='ocrx_word' id='word_1_67' title='bbox 1285 1924 1362 1985; x_wconf 87' lang='lat' dir='ltr'><strong>de</strong></span> <span class='ocrx_word' id='word_1_68' title='bbox 1390 1925 1693 2003; x_wconf 81' lang='lat' dir='ltr'><strong>Longleye</strong></span> 
     </span>
    </p>
   </div>
   <div class='ocr_carea' id='block_1_10' title="bbox 872 2119 2725 4931">
    <p class='ocr_par' dir='ltr' id='par_1_13' title="bbox 872 2119 2725 4931">
     <span class='ocr_line' id='line_1_16' title="bbox 1051 2119 2028 2196; baseline 0.001 -17"><span class='ocrx_word' id='word_1_69' title='bbox 1051 2119 1369 2196; x_wconf 75' lang='lat' dir='ltr'><strong>curtilagio</strong></span> <span class='ocrx_word' id='word_1_70' title='bbox 1408 2120 1469 2178; x_wconf 90' lang='lat' dir='ltr'><strong>in</strong></span> <span class='ocrx_word' id='word_1_71' title='bbox 1515 2119 1574 2177; x_wconf 88' lang='lat' dir='ltr'>N</span> <span class='ocrx_word' id='word_1_72' title='bbox 1577 2119 1908 2180; x_wconf 85' lang='lat' dir='ltr'><strong>orthstrete</strong></span> <span class='ocrx_word' id='word_1_73' title='bbox 2006 2152 2028 2162; x_wconf 96' lang='lat'><em>-</em></span> 
     </span>
     <span class='ocr_line' id='line_1_17' title="bbox 882 2215 2658 2295; baseline -0.001 -17"><span class='ocrx_word' id='word_1_74' title='bbox 882 2218 1070 2278; x_wconf 74' lang='lat' dir='ltr'><strong>Carta</strong></span> <span class='ocrx_word' id='word_1_75' title='bbox 1096 2217 1341 2275; x_wconf 88' lang='lat' dir='ltr'><strong>Henrici</strong></span> <span class='ocrx_word' id='word_1_76' title='bbox 1368 2217 1443 2276; x_wconf 91' lang='lat' dir='ltr'><strong>de</strong></span> <span class='ocrx_word' id='word_1_77' title='bbox 1472 2216 1651 2277; x_wconf 82' lang='lat' dir='ltr'><strong>Oetes</strong></span> <span class='ocrx_word' id='word_1_78' title='bbox 1678 2217 1754 2277; x_wconf 89' lang='lat' dir='ltr'><strong>de</strong></span> <span class='ocrx_word' id='word_1_79' title='bbox 1778 2224 1956 2294; x_wconf 77' lang='lat' dir='ltr'><strong>prato</strong></span> <span class='ocrx_word' id='word_1_80' title='bbox 1986 2221 2242 2278; x_wconf 79' lang='lat' dir='ltr'><strong>vocato‘</strong></span> <span class='ocrx_word' id='word_1_81' title='bbox 2247 2215 2658 2295; x_wconf 75' lang='lat' dir='ltr'><strong>‘Porymede&#39;’</strong></span> 
     </span>
     <span class='ocr_line' id='line_1_18' title="bbox 890 2313 2023 2394; baseline 0.004 -22"><span class='ocrx_word' id='word_1_82' title='bbox 890 2315 1185 2374; x_wconf 79' lang='lat' dir='ltr'><strong>Hem-icus</strong></span> <span class='ocrx_word' id='word_1_83' title='bbox 1211 2313 1286 2373; x_wconf 91' lang='lat' dir='ltr'><strong>de</strong></span> <span class='ocrx_word' id='word_1_84' title='bbox 1313 2314 1494 2374; x_wconf 84' lang='lat' dir='ltr'><strong>Cotes</strong></span> <span class='ocrx_word' id='word_1_85' title='bbox 1521 2314 1597 2374; x_wconf 89' lang='lat' dir='ltr'><strong>de</strong></span> <span class='ocrx_word' id='word_1_86' title='bbox 1624 2315 1954 2394; x_wconf 80' lang='lat' dir='ltr'><strong>Perymede</strong></span> <span class='ocrx_word' id='word_1_87' title='bbox 2002 2349 2023 2358; x_wconf 96' lang='lat'>-</span> 
     </span>
     <span class='ocr_line' id='line_1_19' title="bbox 888 2409 2377 2490; baseline -0.001 -20"><span class='ocrx_word' id='word_1_88' title='bbox 888 2411 981 2470; x_wconf 90' lang='lat' dir='ltr'><strong>De</strong></span> <span class='ocrx_word' id='word_1_89' title='bbox 1006 2410 1257 2470; x_wconf 84' lang='lat' dir='ltr'><strong>dimidia</strong></span> <span class='ocrx_word' id='word_1_90' title='bbox 1281 2429 1420 2470; x_wconf 74' lang='lat' dir='ltr'><strong>acra</strong></span> <span class='ocrx_word' id='word_1_91' title='bbox 1448 2419 1607 2471; x_wconf 86' lang='lat' dir='ltr'><strong>terre</strong></span> <span class='ocrx_word' id='word_1_92' title='bbox 1634 2413 1699 2470; x_wconf 90' lang='lat' dir='ltr'><strong>in</strong></span> <span class='ocrx_word' id='word_1_93' title='bbox 1728 2430 1940 2490; x_wconf 80' lang='lat' dir='ltr'><strong>campo</strong></span> <span class='ocrx_word' id='word_1_94' title='bbox 1966 2412 2041 2471; x_wconf 90' lang='lat' dir='ltr'><strong>de</strong></span> <span class='ocrx_word' id='word_1_95' title='bbox 2070 2409 2377 2489; x_wconf 84' lang='lat' dir='ltr'><strong>Longley-</strong></span> 
     </span>
     <span class='ocr_line' id='line_1_20' title="bbox 886 2507 2374 2569; baseline -0.006 0"><span class='ocrx_word' id='word_1_96' title='bbox 886 2509 1071 2569; x_wconf 77' lang='lat' dir='ltr'><strong>Carta</strong></span> <span class='ocrx_word' id='word_1_97' title='bbox 1097 2507 1173 2569; x_wconf 90' lang='lat' dir='ltr'><strong>de</strong></span> <span class='ocrx_word' id='word_1_98' title='bbox 1202 2507 1409 2568; x_wconf 78' lang='lat' dir='ltr'><strong>eadem</strong></span> <span class='ocrx_word' id='word_1_99' title='bbox 2008 2542 2029 2551; x_wconf 92' lang='lat'>-</span> <span class='ocrx_word' id='word_1_100' title='bbox 2354 2542 2374 2550; x_wconf 93' lang='lat'>-</span> 
     </span>
     <span class='ocr_line' id='line_1_21' title="bbox 887 2605 2424 2684; baseline -0.001 -20"><span class='ocrx_word' id='word_1_101' title='bbox 887 2606 1183 2664; x_wconf 80' lang='lat' dir='ltr'><strong>Hem-icus</strong></span> <span class='ocrx_word' id='word_1_102' title='bbox 1210 2605 1285 2664; x_wconf 89' lang='lat' dir='ltr'><strong>de</strong></span> <span class='ocrx_word' id='word_1_103' title='bbox 1314 2606 1483 2665; x_wconf 82' lang='lat' dir='ltr'><strong>Gotis</strong></span> <span class='ocrx_word' id='word_1_104' title='bbox 1509 2605 1585 2665; x_wconf 87' lang='lat' dir='ltr'><strong>de</strong></span> <span class='ocrx_word' id='word_1_105' title='bbox 1614 2625 1739 2665; x_wconf 72' lang='lat' dir='ltr'><strong>una</strong></span> <span class='ocrx_word' id='word_1_106' title='bbox 1764 2625 1904 2666; x_wconf 74' lang='lat' dir='ltr'><strong>acra</strong></span> <span class='ocrx_word' id='word_1_107' title='bbox 1931 2606 2092 2684; x_wconf 79' lang='lat' dir='ltr'><strong>apud</strong></span> <span class='ocrx_word' id='word_1_108' title='bbox 2125 2605 2424 2682; x_wconf 82' lang='lat' dir='ltr'><strong>Edbrigge</strong></span> 
     </span>
     <span class='ocr_line' id='line_1_22' title="bbox 880 2702 1682 2762; baseline 0 0"><span class='ocrx_word' id='word_1_109' title='bbox 880 2702 1275 2762; x_wconf 74' lang='lat' dir='ltr'><strong>Confimiacio</strong></span> <span class='ocrx_word' id='word_1_110' title='bbox 1301 2703 1377 2762; x_wconf 88' lang='lat' dir='ltr'><strong>de</strong></span> <span class='ocrx_word' id='word_1_111' title='bbox 1405 2703 1617 2762; x_wconf 68' lang='lat' dir='ltr'><strong>eadem</strong></span> <span class='ocrx_word' id='word_1_112' title='bbox 1660 2735 1682 2746; x_wconf 90' lang='lat'>-</span> 
     </span>
     <span class='ocr_line' id='line_1_23' title="bbox 884 2800 2088 2879; baseline 0 -19"><span class='ocrx_word' id='word_1_113' title='bbox 884 2801 978 2860; x_wconf 90' lang='lat' dir='ltr'><strong>De</strong></span> <span class='ocrx_word' id='word_1_114' title='bbox 1003 2819 1127 2859; x_wconf 83' lang='lat' dir='ltr'><strong>una.</strong></span> <span class='ocrx_word' id='word_1_115' title='bbox 1152 2819 1291 2859; x_wconf 77' lang='lat' dir='ltr'><strong>acra</strong></span> <span class='ocrx_word' id='word_1_116' title='bbox 1320 2807 1479 2860; x_wconf 86' lang='lat' dir='ltr'><strong>terre</strong></span> <span class='ocrx_word' id='word_1_117' title='bbox 1508 2803 1575 2860; x_wconf 92' lang='lat' dir='ltr'><strong>in</strong></span> <span class='ocrx_word' id='word_1_118' title='bbox 1603 2800 2088 2879; x_wconf 81' lang='lat' dir='ltr'><strong>Spytelforlonge</strong></span> 
     </span>
     <span class='ocr_line' id='line_1_24' title="bbox 880 2897 2725 2958; baseline -0.001 0"><span class='ocrx_word' id='word_1_119' title='bbox 880 2897 1069 2958; x_wconf 74' lang='lat' dir='ltr'><strong>carta</strong></span> <span class='ocrx_word' id='word_1_120' title='bbox 1096 2898 1380 2958; x_wconf 80' lang='lat' dir='ltr'><strong>Iohannis</strong></span> <span class='ocrx_word' id='word_1_121' title='bbox 1410 2898 1577 2958; x_wconf 77' lang='lat' dir='ltr'><strong>Nata</strong></span> <span class='ocrx_word' id='word_1_122' title='bbox 1604 2898 1681 2958; x_wconf 89' lang='lat' dir='ltr'><strong>de</strong></span> <span class='ocrx_word' id='word_1_123' title='bbox 1707 2903 2056 2958; x_wconf 87' lang='lat' dir='ltr'><strong>tenemento</strong></span> <span class='ocrx_word' id='word_1_124' title='bbox 2096 2907 2160 2958; x_wconf 89' lang='lat' dir='ltr'><strong>et</strong></span> <span class='ocrx_word' id='word_1_125' title='bbox 2201 2898 2260 2956; x_wconf 92' lang='lat' dir='ltr'><strong>ii.</strong></span> <span class='ocrx_word' id='word_1_126' title='bbox 2293 2897 2677 2958; x_wconf 80' lang='lat' dir='ltr'><strong>ferendellis</strong></span> <span class='ocrx_word' id='word_1_127' title='bbox 2661 2917 2725 2956; x_wconf 84' lang='grc' dir='ltr'><strong>ιιι</strong></span> 
     </span>
     <span class='ocr_line' id='line_1_25' title="bbox 1051 2995 2372 3055; baseline 0 0"><span class='ocrx_word' id='word_1_128' title='bbox 1051 2995 1388 3055; x_wconf 81' lang='lat' dir='ltr'><strong>Cotesfelde</strong></span> <span class='ocrx_word' id='word_1_129' title='bbox 2351 3030 2372 3039; x_wconf 91' lang='lat'>-</span> 
     </span>
     <span class='ocr_line' id='line_1_26' title="bbox 884 3093 2718 3171; baseline 0 -18"><span class='ocrx_word' id='word_1_130' title='bbox 884 3094 977 3153; x_wconf 91' lang='lat' dir='ltr'><strong>De</strong></span> <span class='ocrx_word' id='word_1_131' title='bbox 1003 3093 1239 3153; x_wconf 89' lang='lat' dir='ltr'><strong>duobus</strong></span> <span class='ocrx_word' id='word_1_132' title='bbox 1266 3097 1633 3154; x_wconf 80' lang='lat' dir='ltr'><strong>tenementis</strong></span> <span class='ocrx_word' id='word_1_133' title='bbox 1659 3096 1721 3153; x_wconf 91' lang='lat' dir='ltr'><strong>in</strong></span> <span class='ocrx_word' id='word_1_134' title='bbox 1753 3093 1961 3171; x_wconf 77' lang='lat' dir='ltr'><strong>Mylne</strong></span> <span class='ocrx_word' id='word_1_135' title='bbox 1990 3094 2153 3153; x_wconf 72' lang='lat' dir='ltr'><strong>Lane</strong></span> <span class='ocrx_word' id='word_1_136' title='bbox 2181 3104 2244 3154; x_wconf 90' lang='lat' dir='ltr'><strong>et</strong></span> <span class='ocrx_word' id='word_1_137' title='bbox 2279 3094 2642 3153; x_wconf 81' lang='lat' dir='ltr'><strong>Beterstrete</strong></span> <span class='ocrx_word' id='word_1_138' title='bbox 2698 3128 2718 3137; x_wconf 91' lang='lat'>-</span> 
     </span>
     <span class='ocr_line' id='line_1_27' title="bbox 882 3192 2542 3271; baseline 0 -19"><span class='ocrx_word' id='word_1_139' title='bbox 882 3192 1245 3252; x_wconf 82' lang='lat' dir='ltr'><strong>Laurentius</strong></span> <span class='ocrx_word' id='word_1_140' title='bbox 1275 3193 1563 3252; x_wconf 81' lang='lat' dir='ltr'><strong>Gotwood</strong></span> <span class='ocrx_word' id='word_1_141' title='bbox 1590 3194 1667 3252; x_wconf 85' lang='lat' dir='ltr'><strong>de</strong></span> <span class='ocrx_word' id='word_1_142' title='bbox 1694 3212 1820 3252; x_wconf 78' lang='lat' dir='ltr'><strong>una.</strong></span> <span class='ocrx_word' id='word_1_143' title='bbox 1846 3192 2099 3271; x_wconf 75' lang='lat' dir='ltr'><strong>placeo.</strong></span> <span class='ocrx_word' id='word_1_144' title='bbox 2083 3212 2144 3251; x_wconf 89' lang='lat' dir='ltr'><strong>m</strong></span> <span class='ocrx_word' id='word_1_145' title='bbox 2177 3192 2542 3253; x_wconf 86' lang='lat' dir='ltr'><strong>Beterstrete</strong></span> 
     </span>
     <span class='ocr_line' id='line_1_28' title="bbox 884 3290 2374 3370; baseline 0.001 -21"><span class='ocrx_word' id='word_1_146' title='bbox 884 3291 975 3351; x_wconf 92' lang='lat' dir='ltr'><strong>De</strong></span> <span class='ocrx_word' id='word_1_147' title='bbox 1000 3290 1239 3350; x_wconf 89' lang='lat' dir='ltr'><strong>duobus</strong></span> <span class='ocrx_word' id='word_1_148' title='bbox 1267 3292 1483 3349; x_wconf 74' lang='lat' dir='ltr'><strong>toftis&#39;</strong></span> <span class='ocrx_word' id='word_1_149' title='bbox 1465 3310 1531 3349; x_wconf 89' lang='lat' dir='ltr'><strong>m</strong></span> <span class='ocrx_word' id='word_1_150' title='bbox 1561 3291 1929 3352; x_wconf 86' lang='lat' dir='ltr'><strong>Beterstrete</strong></span> <span class='ocrx_word' id='word_1_151' title='bbox 1961 3298 2024 3351; x_wconf 88' lang='lat' dir='ltr'><strong>et</strong></span> <span class='ocrx_word' id='word_1_152' title='bbox 2053 3291 2374 3370; x_wconf 82' lang='lat' dir='ltr'><strong>Mylstrete</strong></span> 
     </span>
     <span class='ocr_line' id='line_1_29' title="bbox 885 3386 2718 3450; baseline 0.001 -3"><span class='ocrx_word' id='word_1_153' title='bbox 885 3388 1218 3449; x_wconf 79' lang='lat' dir='ltr'><strong>Indentura</strong></span> <span class='ocrx_word' id='word_1_154' title='bbox 1273 3393 1437 3450; x_wconf 80' lang='lat' dir='ltr'><strong>facta</strong></span> <span class='ocrx_word' id='word_1_155' title='bbox 1491 3390 1651 3448; x_wconf 84' lang='lat' dir='ltr'><strong>inter</strong></span> <span class='ocrx_word' id='word_1_156' title='bbox 1712 3389 1771 3447; x_wconf 87' lang='lat' dir='ltr'>N</span> <span class='ocrx_word' id='word_1_157' title='bbox 1774 3386 2078 3448; x_wconf 81' lang='lat' dir='ltr'><strong>icholaum</strong></span> <span class='ocrx_word' id='word_1_158' title='bbox 2144 3389 2220 3447; x_wconf 88' lang='lat' dir='ltr'><strong>de</strong></span> <span class='ocrx_word' id='word_1_159' title='bbox 2285 3388 2585 3447; x_wconf 79' lang='lat' dir='ltr'><strong>Evesham</strong></span> <span class='ocrx_word' id='word_1_160' title='bbox 2655 3399 2718 3448; x_wconf 89' lang='lat' dir='ltr'><strong>et</strong></span> 
     </span>
     <span class='ocr_line' id='line_1_30' title="bbox 1043 3484 2721 3547; baseline 0 -2"><span class='ocrx_word' id='word_1_161' title='bbox 1043 3486 1376 3547; x_wconf 77' lang='lat' dir='ltr'><strong>Iohannem</strong></span> <span class='ocrx_word' id='word_1_162' title='bbox 1420 3484 1779 3545; x_wconf 79' lang='lat' dir='ltr'><strong>Malmeshul</strong></span> <span class='ocrx_word' id='word_1_163' title='bbox 1826 3494 1890 3545; x_wconf 87' lang='lat' dir='ltr'><strong>et</strong></span> <span class='ocrx_word' id='word_1_164' title='bbox 1918 3485 2288 3545; x_wconf 79' lang='lat' dir='ltr'><strong>willelmum</strong></span> <span class='ocrx_word' id='word_1_165' title='bbox 2331 3485 2721 3545; x_wconf 79' lang='lat' dir='ltr'><strong>Chabhenore</strong></span> 
     </span>
     <span class='ocr_line' id='line_1_31' title="bbox 1012 3570 2176 3661; baseline 0.001 -19"><span class='ocrx_word' id='word_1_166' title='bbox 1012 3570 1015 3573; x_wconf 51' lang='grc'>’</span> <span class='ocrx_word' id='word_1_167' title='bbox 1041 3583 1118 3643; x_wconf 87' lang='lat' dir='ltr'><strong>de</strong></span> <span class='ocrx_word' id='word_1_168' title='bbox 1146 3585 1451 3661; x_wconf 81' lang='lat' dir='ltr'><strong>mesuagio</strong></span> <span class='ocrx_word' id='word_1_169' title='bbox 1478 3585 1580 3661; x_wconf 88' lang='lat' dir='ltr'><strong>qui</strong></span> <span class='ocrx_word' id='word_1_170' title='bbox 1611 3590 1705 3643; x_wconf 88' lang='lat' dir='ltr'><strong>est</strong></span> <span class='ocrx_word' id='word_1_171' title='bbox 1731 3584 1791 3643; x_wconf 89' lang='lat' dir='ltr'><strong>in</strong></span> <span class='ocrx_word' id='word_1_172' title='bbox 1824 3584 2176 3661; x_wconf 76' lang='lat' dir='ltr'><strong>Haylstrete</strong></span> 
     </span>
     <span class='ocr_line' id='line_1_32' title="bbox 882 3679 2721 3761; baseline 0 -22"><span class='ocrx_word' id='word_1_173' title='bbox 882 3679 1217 3741; x_wconf 84' lang='lat' dir='ltr'><strong>Recordum</strong></span> <span class='ocrx_word' id='word_1_174' title='bbox 1246 3685 1309 3741; x_wconf 90' lang='lat' dir='ltr'><strong>in</strong></span> <span class='ocrx_word' id='word_1_175' title='bbox 1336 3682 1538 3741; x_wconf 79' lang='lat' dir='ltr'><strong>Banco</strong></span> <span class='ocrx_word' id='word_1_176' title='bbox 1565 3699 1761 3741; x_wconf 79' lang='lat' dir='ltr'><strong>coram</strong></span> <span class='ocrx_word' id='word_1_177' title='bbox 1790 3680 2054 3740; x_wconf 86' lang='lat' dir='ltr'><strong>Roberto</strong></span> <span class='ocrx_word' id='word_1_178' title='bbox 2091 3679 2166 3738; x_wconf 91' lang='lat' dir='ltr'><strong>de</strong></span> <span class='ocrx_word' id='word_1_179' title='bbox 2195 3679 2396 3761; x_wconf 85' lang='lat' dir='ltr'><strong>Thorp</strong></span> <span class='ocrx_word' id='word_1_180' title='bbox 2441 3687 2505 3741; x_wconf 87' lang='lat' dir='ltr'><strong>et</strong></span> <span class='ocrx_word' id='word_1_181' title='bbox 2545 3682 2721 3741; x_wconf 84' lang='lat' dir='ltr'><strong>sociis</strong></span> 
     </span>
     <span class='ocr_line' id='line_1_33' title="bbox 1042 3777 2720 3855; baseline 0 -18"><span class='ocrx_word' id='word_1_182' title='bbox 1042 3780 1167 3839; x_wconf 84' lang='lat' dir='ltr'><strong>suis</strong></span> <span class='ocrx_word' id='word_1_183' title='bbox 1193 3780 1269 3840; x_wconf 92' lang='lat' dir='ltr'><strong>de</strong></span> <span class='ocrx_word' id='word_1_184' title='bbox 1298 3779 1555 3840; x_wconf 85' lang='lat' dir='ltr'><strong>termino</strong></span> <span class='ocrx_word' id='word_1_185' title='bbox 1582 3779 1787 3838; x_wconf 80' lang='lat' dir='ltr'><strong>Sancti</strong></span> <span class='ocrx_word' id='word_1_186' title='bbox 1814 3777 2127 3838; x_wconf 78' lang='lat' dir='ltr'><strong>Michaelis</strong></span> <span class='ocrx_word' id='word_1_187' title='bbox 2154 3797 2312 3837; x_wconf 81' lang='lat' dir='ltr'><strong>anno</strong></span> <span class='ocrx_word' id='word_1_188' title='bbox 2339 3781 2508 3854; x_wconf 86' lang='lat' dir='ltr'><strong>regni</strong></span> <span class='ocrx_word' id='word_1_189' title='bbox 2538 3777 2720 3855; x_wconf 84' lang='lat' dir='ltr'><strong>Regis</strong></span> 
     </span>
     <span class='ocr_line' id='line_1_34' title="bbox 1044 3874 2470 3952; baseline 0.001 -19"><span class='ocrx_word' id='word_1_190' title='bbox 1044 3874 1319 3935; x_wconf 77' lang='lat' dir='ltr'><strong>Edwardi</strong></span> <span class='ocrx_word' id='word_1_191' title='bbox 1349 3876 1544 3936; x_wconf 75' lang='lat' dir='ltr'><strong>Tei-cii</strong></span> <span class='ocrx_word' id='word_1_192' title='bbox 1572 3895 1611 3935; x_wconf 72' lang='lat' dir='ltr'>a</span> <span class='ocrx_word' id='word_1_193' title='bbox 1636 3875 1986 3952; x_wconf 82' lang='lat' dir='ltr'><strong>Conquestu</strong></span> <span class='ocrx_word' id='word_1_194' title='bbox 2013 3874 2470 3952; x_wconf 74' lang='lat' dir='ltr'><strong>quadragesimo</strong></span> 
     </span>
     <span class='ocr_line' id='line_1_35' title="bbox 882 3972 2714 4050; baseline 0.001 -21"><span class='ocrx_word' id='word_1_195' title='bbox 882 3972 1111 4032; x_wconf 75' lang='lat' dir='ltr'><strong>Plaoita</strong></span> <span class='ocrx_word' id='word_1_196' title='bbox 1151 3974 1312 4050; x_wconf 82' lang='lat' dir='ltr'><strong>apud</strong></span> <span class='ocrx_word' id='word_1_197' title='bbox 1352 3972 1957 4032; x_wconf 69' lang='lat' dir='ltr'><strong>westmonasterium</strong></span> <span class='ocrx_word' id='word_1_198' title='bbox 1999 3990 2201 4031; x_wconf 75' lang='lat' dir='ltr'><strong>coram</strong></span> <span class='ocrx_word' id='word_1_199' title='bbox 2243 3972 2599 4032; x_wconf 81' lang='lat' dir='ltr'><strong>Iusticiariis</strong></span> <span class='ocrx_word' id='word_1_200' title='bbox 2637 3972 2714 4031; x_wconf 91' lang='lat' dir='ltr'><strong>de</strong></span> 
     </span>
     <span class='ocr_line' id='line_1_36' title="bbox 1044 4070 2716 4131; baseline 0 -3"><span class='ocrx_word' id='word_1_201' title='bbox 1044 4070 1245 4131; x_wconf 78' lang='lat' dir='ltr'><strong>Banco</strong></span> <span class='ocrx_word' id='word_1_202' title='bbox 1292 4071 1367 4131; x_wconf 91' lang='lat' dir='ltr'><strong>de</strong></span> <span class='ocrx_word' id='word_1_203' title='bbox 1418 4070 1675 4131; x_wconf 86' lang='lat' dir='ltr'><strong>termino</strong></span> <span class='ocrx_word' id='word_1_204' title='bbox 1730 4070 1939 4131; x_wconf 74' lang='lat' dir='ltr'><strong>Sancti</strong></span> <span class='ocrx_word' id='word_1_205' title='bbox 1997 4070 2306 4130; x_wconf 66' lang='lat' dir='ltr'><strong>Michaelis</strong></span> <span class='ocrx_word' id='word_1_206' title='bbox 2362 4089 2522 4130; x_wconf 73' lang='lat' dir='ltr'><strong>anno</strong></span> <span class='ocrx_word' id='word_1_207' title='bbox 2570 4071 2716 4129; x_wconf 90' lang='lat' dir='ltr'><strong>xliii.</strong></span> 
     </span>
     <span class='ocr_line' id='line_1_37' title="bbox 1042 4167 1792 4245; baseline 0.001 -19"><span class='ocrx_word' id='word_1_208' title='bbox 1042 4168 1224 4245; x_wconf 83' lang='lat' dir='ltr'><strong>Regis</strong></span> <span class='ocrx_word' id='word_1_209' title='bbox 1252 4187 1429 4227; x_wconf 88' lang='lat' dir='ltr'><strong>nuno.</strong></span> <span class='ocrx_word' id='word_1_210' title='bbox 1518 4170 1627 4227; x_wconf 82' lang='lat' dir='ltr'><strong>Ro.</strong></span> <span class='ocrx_word' id='word_1_211' title='bbox 1659 4167 1792 4233; x_wconf 84' lang='lat' dir='ltr'><strong>exli.</strong></span> 
     </span>
     <span class='ocr_line' id='line_1_38' title="bbox 874 4264 2715 4344; baseline 0.001 -22"><span class='ocrx_word' id='word_1_212' title='bbox 874 4264 1155 4341; x_wconf 79' lang='lat' dir='ltr'><strong>Tangens</strong></span> <span class='ocrx_word' id='word_1_213' title='bbox 1184 4273 1604 4325; x_wconf 90' lang='lat' dir='ltr'><strong>tenementum</strong></span> <span class='ocrx_word' id='word_1_214' title='bbox 1624 4283 1818 4343; x_wconf 84' lang='lat' dir='ltr'><strong>nuper</strong></span> <span class='ocrx_word' id='word_1_215' title='bbox 1838 4264 2069 4325; x_wconf 85' lang='lat' dir='ltr'><strong>Thome</strong></span> <span class='ocrx_word' id='word_1_216' title='bbox 2090 4265 2388 4344; x_wconf 82' lang='lat' dir='ltr'><strong>Stodleye,</strong></span> <span class='ocrx_word' id='word_1_217' title='bbox 2413 4266 2715 4341; x_wconf 77' lang='lat' dir='ltr'><strong>quondam</strong></span> 
     </span>
     <span class='ocr_line' id='line_1_39' title="bbox 1042 4361 2717 4441; baseline 0.001 -21"><span class='ocrx_word' id='word_1_218' title='bbox 1042 4361 1332 4422; x_wconf 82' lang='lat' dir='ltr'><strong>Iohannis</strong></span> <span class='ocrx_word' id='word_1_219' title='bbox 1361 4362 1635 4441; x_wconf 79' lang='lat' dir='ltr'><strong>Wynter,</strong></span> <span class='ocrx_word' id='word_1_220' title='bbox 1676 4363 1753 4422; x_wconf 89' lang='lat' dir='ltr'><strong>de</strong></span> <span class='ocrx_word' id='word_1_221' title='bbox 1793 4370 1956 4422; x_wconf 76' lang='lat' dir='ltr'><strong>terra</strong></span> <span class='ocrx_word' id='word_1_222' title='bbox 1996 4365 2142 4421; x_wconf 67' lang='lat' dir='ltr'><strong>xiva.</strong></span> <span class='ocrx_word' id='word_1_223' title='bbox 2177 4382 2315 4422; x_wconf 89' lang='lat' dir='ltr'><strong>cum</strong></span> <span class='ocrx_word' id='word_1_224' title='bbox 2341 4364 2422 4422; x_wconf 92' lang='lat' dir='ltr'><strong>iii.</strong></span> <span class='ocrx_word' id='word_1_225' title='bbox 2455 4362 2717 4441; x_wconf 84' lang='lat' dir='ltr'><strong>bedripis</strong></span> 
     </span>
     <span class='ocr_line' id='line_1_40' title="bbox 1044 4460 2364 4517; baseline 0.001 -1"><span class='ocrx_word' id='word_1_226' title='bbox 1044 4460 1167 4517; x_wconf 83' lang='lat' dir='ltr'><strong>ivd.</strong></span> <span class='ocrx_word' id='word_1_227' title='bbox 1997 4494 2017 4504; x_wconf 94' lang='lat'>-</span> <span class='ocrx_word' id='word_1_228' title='bbox 2343 4494 2364 4503; x_wconf 96' lang='lat'><em>-</em></span> 
     </span>
     <span class='ocr_line' id='line_1_41' title="bbox 872 4554 2715 4635; baseline 0.001 -20"><span class='ocrx_word' id='word_1_229' title='bbox 872 4554 1060 4615; x_wconf 80' lang='lat' dir='ltr'><strong>Curia</strong></span> <span class='ocrx_word' id='word_1_230' title='bbox 1106 4555 1183 4615; x_wconf 88' lang='lat' dir='ltr'><strong>de</strong></span> <span class='ocrx_word' id='word_1_231' title='bbox 1228 4555 1723 4635; x_wconf 75' lang='lat' dir='ltr'><strong>Wynchecumba</strong></span> <span class='ocrx_word' id='word_1_232' title='bbox 1770 4564 1944 4617; x_wconf 77' lang='lat' dir='ltr'><strong>tenta</strong></span> <span class='ocrx_word' id='word_1_233' title='bbox 2007 4557 2229 4617; x_wconf 88' lang='lat' dir='ltr'><strong>ibidem</strong></span> <span class='ocrx_word' id='word_1_234' title='bbox 2281 4558 2379 4617; x_wconf 85' lang='lat' dir='ltr'><strong>die</strong></span> <span class='ocrx_word' id='word_1_235' title='bbox 2427 4557 2597 4617; x_wconf 88' lang='lat' dir='ltr'><strong>Lune</strong></span> <span class='ocrx_word' id='word_1_236' title='bbox 2651 4560 2715 4617; x_wconf 91' lang='lat' dir='ltr'><strong>in</strong></span> 
     </span>
     <span class='ocr_line' id='line_1_42' title="bbox 1040 4654 2712 4733; baseline 0.001 -20"><span class='ocrx_word' id='word_1_237' title='bbox 1040 4655 1302 4713; x_wconf 76' lang='lat' dir='ltr'><strong>crastino</strong></span> <span class='ocrx_word' id='word_1_238' title='bbox 1370 4654 1579 4714; x_wconf 80' lang='lat' dir='ltr'><strong>Sancti</strong></span> <span class='ocrx_word' id='word_1_239' title='bbox 1666 4654 1960 4727; x_wconf 75' lang='lat' dir='ltr'><strong>Nicholai,</strong></span> <span class='ocrx_word' id='word_1_240' title='bbox 2039 4674 2198 4715; x_wconf 79' lang='lat' dir='ltr'><strong>anno</strong></span> <span class='ocrx_word' id='word_1_241' title='bbox 2277 4656 2447 4733; x_wconf 85' lang='lat' dir='ltr'><strong>regni</strong></span> <span class='ocrx_word' id='word_1_242' title='bbox 2531 4655 2712 4732; x_wconf 84' lang='lat' dir='ltr'><strong>Regis</strong></span> 
     </span>
     <span class='ocr_line' id='line_1_43' title="bbox 1043 4749 2360 4809; baseline 0.001 -1"><span class='ocrx_word' id='word_1_243' title='bbox 1043 4749 1321 4809; x_wconf 70' lang='lat' dir='ltr'><strong>Edwardi</strong></span> <span class='ocrx_word' id='word_1_244' title='bbox 1376 4758 1483 4809; x_wconf 82' lang='lat' dir='ltr'><strong>xv⁰</strong></span> <span class='ocrx_word' id='word_1_245' title='bbox 1642 4786 1663 4795; x_wconf 93' lang='lat'>-</span> <span class='ocrx_word' id='word_1_246' title='bbox 1990 4786 2011 4795; x_wconf 92' lang='lat'>-</span> <span class='ocrx_word' id='word_1_247' title='bbox 2343 4786 2360 4796; x_wconf 87' lang='lat'><strong>·</strong></span> 
     </span>
     <span class='ocr_line' id='line_1_44' title="bbox 885 4846 2717 4931; baseline 0.002 -26"><span class='ocrx_word' id='word_1_248' title='bbox 885 4846 1181 4907; x_wconf 79' lang='lat' dir='ltr'><strong>Iohannes</strong></span> <span class='ocrx_word' id='word_1_249' title='bbox 1208 4848 1415 4925; x_wconf 86' lang='lat' dir='ltr'><strong>Yonge</strong></span> <span class='ocrx_word' id='word_1_250' title='bbox 1442 4848 1519 4908; x_wconf 85' lang='lat' dir='ltr'><strong>de</strong></span> <span class='ocrx_word' id='word_1_251' title='bbox 1546 4848 1950 4925; x_wconf 71' lang='lat' dir='ltr'><strong>Longebarow</strong></span> <span class='ocrx_word' id='word_1_252' title='bbox 1996 4854 2324 4931; x_wconf 79' lang='lat' dir='ltr'><strong>wytnessep</strong></span> <span class='ocrx_word' id='word_1_253' title='bbox 2352 4850 2492 4909; x_wconf 77' lang='lat' dir='ltr'><strong>that</strong></span> <span class='ocrx_word' id='word_1_254' title='bbox 2530 4849 2626 4908; x_wconf 83' lang='lat' dir='ltr'><strong>hit</strong></span> <span class='ocrx_word' id='word_1_255' title='bbox 2664 4850 2717 4909; x_wconf 85' lang='lat' dir='ltr'><strong>is</strong></span> 
     </span>
    </p>
   </div>
   <div class='ocr_carea' id='block_1_11' title="bbox 884 1943 3032 2179">
    <p class='ocr_par' dir='ltr' id='par_1_14' title="bbox 884 1943 3032 2179">
     <span class='ocr_line' id='line_1_45' title="bbox 884 1943 3018 2100; baseline 0 -20"><span class='ocrx_word' id='word_1_256' title='bbox 884 2022 1069 2081; x_wconf 71' lang='lat' dir='ltr'><strong>Carta</strong></span> <span class='ocrx_word' id='word_1_257' title='bbox 1118 2021 1425 2099; x_wconf 74' lang='lat' dir='ltr'><strong>Radulphi</strong></span> <span class='ocrx_word' id='word_1_258' title='bbox 1480 2021 1760 2100; x_wconf 82' lang='lat' dir='ltr'><strong>wyddok</strong></span> <span class='ocrx_word' id='word_1_259' title='bbox 1828 2023 1906 2082; x_wconf 91' lang='lat' dir='ltr'><strong>de</strong></span> <span class='ocrx_word' id='word_1_260' title='bbox 1974 2023 2238 2099; x_wconf 68' lang='lat' dir='ltr'><strong>quadam</strong></span> <span class='ocrx_word' id='word_1_261' title='bbox 2305 2022 2512 2099; x_wconf 71' lang='lat' dir='ltr'><strong>placeo.</strong></span> <span class='ocrx_word' id='word_1_262' title='bbox 2581 2039 2726 2082; x_wconf 86' lang='lat' dir='ltr'><strong>cum</strong></span> <span class='ocrx_word' id='word_1_263' title='bbox 2807 1943 3018 2056; x_wconf 43' lang='lat' dir='ltr'><strong>Qun·</strong></span> 
     </span>
     <span class='ocr_line' id='line_1_46' title="bbox 2697 2138 3032 2179; baseline 0.006 -2"><span class='ocrx_word' id='word_1_264' title='bbox 2697 2153 2718 2162; x_wconf 96' lang='lat'>-</span> <span class='ocrx_word' id='word_1_265' title='bbox 2802 2138 3032 2179; x_wconf 78' lang='lat' dir='ltr'><strong>cccxcii.</strong></span> 
     </span>
    </p>
   </div>
   <div class='ocr_carea' id='block_1_12' title="bbox 2803 2218 3058 2278">
    <p class='ocr_par' dir='ltr' id='par_1_15' title="bbox 2803 2218 3058 2278">
     <span class='ocr_line' id='line_1_47' title="bbox 2803 2218 3058 2278; baseline 0.004 -2"><span class='ocrx_word' id='word_1_266' title='bbox 2803 2218 3058 2278; x_wconf 89' lang='lat' dir='ltr'><strong>cccxciii.</strong></span> 
     </span>
    </p>
   </div>
   <div class='ocr_carea' id='block_1_13' title="bbox 2692 2317 3096 2862">
    <p class='ocr_par' dir='ltr' id='par_1_16' title="bbox 2692 2317 3048 2375">
     <span class='ocr_line' id='line_1_48' title="bbox 2692 2317 3048 2375; baseline 0 -1"><span class='ocrx_word' id='word_1_267' title='bbox 2692 2350 2712 2361; x_wconf 96' lang='lat'>-</span> <span class='ocrx_word' id='word_1_268' title='bbox 2793 2317 3048 2375; x_wconf 84' lang='lat' dir='ltr'><strong>cccxciv.</strong></span> 
     </span>
    </p>

    <p class='ocr_par' dir='ltr' id='par_1_17' title="bbox 2701 2430 3034 2472">
     <span class='ocr_line' id='line_1_49' title="bbox 2701 2430 3034 2472; baseline -0.003 -1"><span class='ocrx_word' id='word_1_269' title='bbox 2701 2445 2722 2454; x_wconf 91' lang='lat'><strong>·</strong></span> <span class='ocrx_word' id='word_1_270' title='bbox 2803 2430 3034 2472; x_wconf 87' lang='lat' dir='ltr'><strong>cccxcv.</strong></span> 
     </span>
    </p>

    <p class='ocr_par' dir='ltr' id='par_1_18' title="bbox 2699 2511 3049 2569">
     <span class='ocr_line' id='line_1_50' title="bbox 2699 2511 3049 2569; baseline 0 -1"><span class='ocrx_word' id='word_1_271' title='bbox 2699 2543 2718 2554; x_wconf 92' lang='lat'>-</span> <span class='ocrx_word' id='word_1_272' title='bbox 2801 2511 3049 2569; x_wconf 86' lang='lat' dir='ltr'><strong>cccxcvi.</strong></span> 
     </span>
    </p>

    <p class='ocr_par' dir='ltr' id='par_1_19' title="bbox 2695 2607 3096 2862">
     <span class='ocr_line' id='line_1_51' title="bbox 2695 2607 3068 2666; baseline -0.003 -1"><span class='ocrx_word' id='word_1_273' title='bbox 2695 2639 2715 2648; x_wconf 93' lang='lat'><strong>·</strong></span> <span class='ocrx_word' id='word_1_274' title='bbox 2797 2607 3068 2666; x_wconf 88' lang='lat' dir='ltr'><strong>cccxcvii.</strong></span> 
     </span>
     <span class='ocr_line' id='line_1_52' title="bbox 2700 2705 3096 2763; baseline -0.003 1"><span class='ocrx_word' id='word_1_275' title='bbox 2700 2739 2718 2747; x_wconf 94' lang='lat'>-</span> <span class='ocrx_word' id='word_1_276' title='bbox 2801 2705 3096 2763; x_wconf 88' lang='lat' dir='ltr'><strong>cccxcviii.</strong></span> 
     </span>
     <span class='ocr_line' id='line_1_53' title="bbox 2695 2805 3044 2862; baseline 0 -1"><span class='ocrx_word' id='word_1_277' title='bbox 2695 2835 2716 2844; x_wconf 89' lang='lat'><strong>·</strong></span> <span class='ocrx_word' id='word_1_278' title='bbox 2799 2805 3044 2862; x_wconf 87' lang='lat' dir='ltr'><strong>cccxcix.</strong></span> 
     </span>
    </p>
   </div>
   <div class='ocr_carea' id='block_1_14' title="bbox 2702 3015 2958 3056">
    <p class='ocr_par' dir='ltr' id='par_1_20' title="bbox 2702 3015 2958 3056">
     <span class='ocr_line' id='line_1_54' title="bbox 2702 3015 2958 3056; baseline 0 0"><span class='ocrx_word' id='word_1_279' title='bbox 2702 3030 2718 3039; x_wconf 91' lang='lat'><strong>·</strong></span> <span class='ocrx_word' id='word_1_280' title='bbox 2801 3015 2958 3056; x_wconf 86' lang='grc'><strong>0000.</strong></span> 
     </span>
    </p>
   </div>
   <div class='ocr_carea' id='block_1_15' title="bbox 2799 3096 2970 3154">
    <p class='ocr_par' dir='ltr' id='par_1_21' title="bbox 2799 3096 2970 3154">
     <span class='ocr_line' id='line_1_55' title="bbox 2799 3096 2970 3154; baseline -0.012 0"><span class='ocrx_word' id='word_1_281' title='bbox 2799 3096 2970 3154; x_wconf 91' lang='lat' dir='ltr'><strong>occci.</strong></span> 
     </span>
    </p>
   </div>
   <div class='ocr_carea' id='block_1_16' title="bbox 2692 3194 3015 3351">
    <p class='ocr_par' dir='ltr' id='par_1_22' title="bbox 2692 3194 3015 3351">
     <span class='ocr_line' id='line_1_56' title="bbox 2692 3194 2986 3253; baseline -0.017 2"><span class='ocrx_word' id='word_1_282' title='bbox 2692 3227 2712 3237; x_wconf 93' lang='lat'>-</span> <span class='ocrx_word' id='word_1_283' title='bbox 2794 3194 2986 3253; x_wconf 91' lang='lat' dir='ltr'><strong>ccccii.</strong></span> 
     </span>
     <span class='ocr_line' id='line_1_57' title="bbox 2697 3293 3015 3351; baseline -0.009 0"><span class='ocrx_word' id='word_1_284' title='bbox 2697 3324 2718 3334; x_wconf 88' lang='lat'><strong>·</strong></span> <span class='ocrx_word' id='word_1_285' title='bbox 2802 3293 3015 3351; x_wconf 92' lang='lat' dir='ltr'><strong>cccciii.</strong></span> 
     </span>
    </p>
   </div>
   <div class='ocr_carea' id='block_1_17' title="bbox 2692 3584 3005 3643">
    <p class='ocr_par' dir='ltr' id='par_1_23' title="bbox 2692 3584 3005 3643">
     <span class='ocr_line' id='line_1_58' title="bbox 2692 3584 3005 3643; baseline 0 0"><span class='ocrx_word' id='word_1_286' title='bbox 2692 3617 2713 3626; x_wconf 94' lang='lat'>—</span> <span class='ocrx_word' id='word_1_287' title='bbox 2795 3584 3005 3643; x_wconf 90' lang='lat' dir='ltr'><strong>cccciv.</strong></span> 
     </span>
    </p>
   </div>
   <div class='ocr_carea' id='block_1_18' title="bbox 2693 3893 2984 3935">
    <p class='ocr_par' dir='ltr' id='par_1_24' title="bbox 2693 3893 2984 3935">
     <span class='ocr_line' id='line_1_59' title="bbox 2693 3893 2984 3935; baseline -0.014 0"><span class='ocrx_word' id='word_1_288' title='bbox 2693 3910 2714 3920; x_wconf 88' lang='lat'><em>-</em></span> <span class='ocrx_word' id='word_1_289' title='bbox 2796 3893 2984 3935; x_wconf 77' lang='grc' dir='ltr'><strong>000οῩ.</strong></span> 
     </span>
    </p>
   </div>
   <div class='ocr_carea' id='block_1_19' title="bbox 2693 4168 3008 4227">
    <p class='ocr_par' dir='ltr' id='par_1_25' title="bbox 2693 4168 3008 4227">
     <span class='ocr_line' id='line_1_60' title="bbox 2693 4168 3008 4227; baseline -0.01 1"><span class='ocrx_word' id='word_1_290' title='bbox 2693 4200 2713 4211; x_wconf 90' lang='grc'><strong>-</strong></span> <span class='ocrx_word' id='word_1_291' title='bbox 2799 4168 3008 4227; x_wconf 89' lang='lat' dir='ltr'><strong>ccccvi.</strong></span> 
     </span>
    </p>
   </div>
   <div class='ocr_carea' id='block_1_20' title="bbox 2687 4461 3027 4520">
    <p class='ocr_par' dir='ltr' id='par_1_26' title="bbox 2687 4461 3027 4520">
     <span class='ocr_line' id='line_1_61' title="bbox 2687 4461 3027 4520; baseline -0.003 0"><span class='ocrx_word' id='word_1_292' title='bbox 2687 4494 2708 4503; x_wconf 91' lang='lat'>-</span> <span class='ocrx_word' id='word_1_293' title='bbox 2795 4461 3027 4520; x_wconf 86' lang='lat' dir='ltr'><strong>ccccvii.</strong></span> 
     </span>
    </p>
   </div>
   <div class='ocr_carea' id='block_1_21' title="bbox 2688 4752 3048 4812">
    <p class='ocr_par' dir='ltr' id='par_1_27' title="bbox 2688 4752 3048 4812">
     <span class='ocr_line' id='line_1_62' title="bbox 2688 4752 3048 4812; baseline -0.011 1"><span class='ocrx_word' id='word_1_294' title='bbox 2688 4785 2710 4795; x_wconf 91' lang='lat'>-</span> <span class='ocrx_word' id='word_1_295' title='bbox 2792 4752 3048 4812; x_wconf 85' lang='lat' dir='ltr'><strong>ccccviii.</strong></span> 
     </span>
    </p>
   </div>
  </div>
 </body>
</html>
