3731 6032
667 3165 738 3217 fo.
763 3166 880 3219 296.

2056 952 2186 1016 338

1107 1118 1530 1184 dissensionis
1571 1118 1885 1204 premisse
1931 1121 2177 1184 eventu
2226 1116 2429 1184 dubio
2474 1116 2917 1216 trqctantibus
2968 1137 3121 1183 cum

1106 1221 1362 1298 effectu,
1386 1222 1652 1308 utrique
1679 1223 1855 1307 parti
1887 1221 2156 1304 placuit,
2176 1220 2599 1296 concorditer,
2620 1221 3117 1286 contencionem

1106 1325 1334 1409 ipsam,
1375 1323 1723 1391 concordia
1749 1325 1977 1410 pocius
2006 1346 2207 1410 quam
2236 1323 2357 1390 lite
2400 1325 2686 1404 diutina,
2716 1325 3112 1401 terminare3

1105 1428 1191 1494 ob
1238 1428 1415 1514 quod
1459 1433 1678 1514 partes
1721 1428 2036 1514 predicte,
2086 1451 2206 1515 per
2255 1449 2642 1495 consensum
2694 1429 3119 1495 uniformiter

1103 1537 1617 1608 concurrentem,
1673 1553 1744 1597 se
1802 1532 1938 1598 alte
1996 1537 2067 1598 et
2128 1534 2313 1598 basse
2375 1531 2670 1609 arbitrio,
2728 1533 3113 1619 provisioni,

1106 1634 1528 1711 ordinacioni,
1557 1636 1734 1702 dicto
1776 1658 1895 1701 seu
1942 1635 2139 1702 laudo
2168 1634 2579 1701 Venerabilis
2608 1635 2825 1701 Patris
2863 1635 3118 1702 domini

1108 1737 1409 1815 Walteri,
1440 1736 1567 1804 Dei
1597 1739 1856 1815 Gracia,
1900 1739 2404 1825 Wygorniensis
2436 1738 2763 1826 Episcopi,
2792 1739 2873 1804 de
2918 1739 3117 1826 plano

1104 1846 1175 1907 et
1203 1841 1450 1928 absque
1480 1842 1660 1907 omni
1687 1842 1976 1929 strepitu
2007 1840 2300 1907 iudiciali
2330 1842 2401 1907 in
2428 1842 2554 1908 hac
2582 1848 2771 1930 parte
2799 1841 3127 1920 faciendo,

1103 1967 1224 2032 pro
1252 1966 1324 2010 se
1353 1952 1421 2011 et
1449 1946 1931 2012 suecessoribus
1952 1947 2108 2022 suis,
2123 1947 2197 2010 in
2226 1951 2582 2032 posterum,
2600 1945 3119 2032 quibuscunque,

1101 2073 1298 2136 super
1327 2051 1468 2115 iure
1497 2049 1875 2114 huiusmodi
1906 2049 2178 2114 decimis
2208 2070 2554 2116 communa
2584 2049 3118 2132 pasture,deten-

1101 2155 1287 2219 cione
1337 2159 1512 2218 terre
1558 2152 1843 2229 arabilis,
1888 2159 1959 2218 et
2014 2152 2167 2218 aliis
2218 2152 2740 2239 quibuscunque,
2793 2153 3113 2228 totaliter,

1101 2256 1562 2323 submiserunt.
1687 2255 1999 2342 Idemque
2060 2255 2317 2333 Rector,
2376 2257 2606 2329 eciam,
2665 2277 2863 2344 super
2922 2257 3116 2323 totali

1101 2366 1281 2426 statu
1308 2359 1482 2425 dicte
1507 2359 1792 2425 Ecclesie
1814 2381 1965 2426 cum
1991 2359 2257 2446 Capella
2276 2361 2663 2446 separaliter
2685 2381 2755 2425 se
2776 2360 3110 2438 submisit;

1102 2465 1472 2530 iuramento
1521 2463 1946 2548 corporaliter
1996 2462 2082 2527 ab
2133 2462 2378 2528 eisdem
2436 2461 2713 2542 Abbate‚
2756 2484 2876 2549 pro
2926 2485 2997 2529 se
3048 2471 3120 2529 et

1102 2589 1222 2634 suo
1241 2566 1608 2643 Conventa,
1626 2566 1712 2631 ab
1731 2566 1960 2632 eodem
1984 2565 2335 2632 Conventu
2359 2570 2753 2653 potestatem
2772 2566 3115 2632 obtinente

1099 2671 1550 2746 sufficientem,
1579 2677 1648 2735 et
1671 2671 1971 2746 Rectore,
1992 2671 2272 2755 prestito
2298 2690 2517 2735 coram
2547 2669 2811 2735 domino
2834 2668 3117 2735 Officiali

1100 2775 1395 2862 predicto
1403 2795 1521 2858 pro
1537 2773 1856 2841 tribunali
1876 2773 2144 2839 sedente
2154 2797 2170 2852 ;
2188 2774 2651 2858 promittentes
2668 2795 2737 2837 se
2746 2772 3121 2866 arbitrium,

1096 2879 1560 2968 provisionem,
1591 2876 2097 2954 ordinacionem,
2132 2876 2383 2942 dictum
2428 2898 2545 2942 seu
2587 2876 2860 2944 laudum
2889 2877 3115 2942 huius-

1100 2983 1297 3061 modi,
1329 3005 1444 3070 per
1487 3003 1949 3069 quamcunque
1998 2981 2637 3069 pronunciacionem,
2670 2981 2953 3048 formam
2998 3002 3117 3047 seu

1101 3088 1368 3154 modum
1392 3086 1794 3174 processerit,
1811 3084 2289 3152 inviolabiliter
2307 3084 2783 3151 observaturos.
2836 3084 3119 3165 Placuit,

1103 3194 1330 3269 eciam,
1361 3192 1628 3278 utrique
1657 3192 1833 3276 parti
1863 3188 2180 3275 predicte,
2209 3187 2387 3274 quod
2418 3189 2558 3275 ipse
2588 3187 2893 3253 dominus
2926 3188 3119 3274 Epis·

1101 3320 1322 3385 copus,
1342 3318 1462 3383 pro
1485 3317 1605 3362 suo
1628 3300 1832 3371 motu,
1849 3294 2084 3370 locum,
2106 3294 2335 3369 eciam,
2354 3299 2545 3357 extra
2560 3314 2749 3357 suam
2767 3291 3117 3371 Diocesim,

1099 3410 1170 3467 et
1227 3401 1586 3465 terminum
1645 3402 1900 3463 statuat
1966 3397 2072 3462 vel
2131 3396 2441 3482 assignet,
2500 3417 2632 3481 quo
2689 3397 2762 3461 in
2819 3396 3113 3482 ipsarum

1096 3504 1390 3591 partium
1433 3523 1551 3567 seu
1597 3516 2097 3587 procuratorum
2141 3499 2497 3565 earundem
2544 3500 2896 3585 presencia,
2937 3500 3117 3565 arbi·-

1096 3608 1321 3684 trium‚
1350 3604 1813 3694 provisionem,
1845 3600 2353 3679 ordinacionem,
2382 3602 2635 3668 dictum
2679 3624 2797 3667 seu
2840 3601 3113 3667 laudum

1095 3708 1476 3776 huiusmodi
1517 3707 1830 3794 proferat,
1853 3706 2246 3793 pronunciet
2276 3705 2382 3770 vel
2413 3705 2717 3772 declaret.
2810 3708 2915 3782 Et,
2944 3708 3001 3770 si
3024 3705 3111 3771 ad

1095 3815 1478 3890 terminum,
1509 3832 1704 3898 quem
1737 3808 2007 3874 duxerit
2050 3808 2227 3873 idem
2273 3808 2471 3873 Pater
2498 3808 2949 3888 statuendum,
2978 3832 3113 3899 non

1097 3924 1288 3984 vacet
1337 3915 1551 3982 eidem
1598 3913 1781 3980 Patri
1830 3912 2315 3979 ordinacionem
2360 3912 2739 3978 huiusmodi
2786 3913 3113 3999 expedire,

1093 4022 1290 4087 liceat
1320 4019 1533 4086 eidem
1586 4018 1772 4082 Patri
1825 4016 2183 4081 terminum
2227 4036 2595 4101 prorogare,
2638 4020 2708 4081 et
2754 4016 2956 4081 alium
3005 4016 3113 4081 vel

1089 4125 1255 4191 alios
1285 4128 1577 4190 statuere
1609 4120 1715 4186 vel
1738 4121 2101 4206 assignare,
2118 4118 2325 4185 donec
2347 4119 2725 4185 huiusmodi
2742 4118 3111 4197 arbitrium,

1093 4227 1380 4313 provisio
1411 4224 1516 4290 vel
1549 4223 1903 4301 ordinacio,
1946 4222 2258 4301 finaliter,
2302 4222 2706 4310 expediatur.
2797 4223 2878 4287 In
2921 4224 3110 4289 testi·

1091 4330 1404 4405 monium,
1455 4331 1697 4402 autem,
1771 4332 1840 4391 et
1914 4325 2295 4390 memoriam
2368 4326 2827 4412 premissorum
2890 4332 3111 4413 partes

1090 4432 1383 4519 predicte
1428 4430 1648 4516 sigilla
1689 4451 1812 4495 sua
1856 4450 1994 4495 una
2040 4450 2191 4495 cum
2235 4429 2453 4515 sigillo
2499 4428 2815 4495 Officialis
2860 4429 3111 4495 domini

1093 4536 1400 4623 Episcopi
1445 4532 1859 4621 presentibus
1903 4534 2149 4619 apponi
2194 4532 2497 4599 fecerunt
2540 4538 2609 4597 et
2653 4538 3111 4619 procurarunt.

1093 4641 1346 4706 Datum
1391 4636 1572 4724 apud
1612 4636 2087 4712 Snoweshulle‚
2137 4636 2241 4702 iiio
2292 4636 2464 4703 Non.
2514 4636 2861 4713 Octobris3
2914 4638 3115 4704 Anno

1093 4744 1365 4811 Domini
1395 4750 1492 4809 m⁰
1520 4749 1653 4808 000⁰
1682 4739 2123 4807 duodecimo.”
