3731 6032
2178 961 2263 1026 96

1213 1121 1386 1198 filiis,
1414 1123 1664 1188 Abbati
1683 1128 1752 1189 et
1771 1121 2143 1190 Conventui
2169 1120 2551 1186 Monasterii
2575 1120 2656 1185 de
2684 1120 3220 1206 Wynchecombe‚

1213 1225 1484 1292 Ordinis
1558 1227 1786 1293 Sancti
1860 1225 2217 1302 Benedicti,
2295 1223 2788 1309 Wygomiensis
2863 1224 3221 1302 DioceseOS,

1211 1329 1509 1395 Salutem
1583 1335 1652 1396 et
1726 1329 2173 1414 Apostolicam
2265 1327 2823 1392 Benedictionem.
2958 1327 3221 1394 Sincere

1211 1434 1585 1500 devocionis
1616 1434 1907 1506 effectus,
1935 1454 2130 1517 quem
2160 1431 2246 1497 ad
2292 1431 2427 1496 Nos
2478 1436 2546 1496 et
2598 1431 2962 1497 Romanam
2991 1435 3221 1518 geritis

1211 1537 1588 1616 Ecclesiam,
1617 1541 2047 1624 promeretur,
2080 1540 2159 1601 ut
2187 1536 2360 1601 votis
2404 1536 2662 1614 vestris,
2691 1535 2826 1600 illis
2854 1541 3220 1623 presertim,

1209 1663 1325 1728 per
1355 1664 1484 1726 que
1515 1641 1929 1707 commodum
1960 1645 2029 1706 et
2079 1639 2337 1705 utilitas
2389 1640 2593 1704 vestri
2642 1639 3029 1705 Monasterii
3076 1663 3220 1726 pro-

1210 1751 1546 1821 curantur,
1576 1750 1902 1831 quantum
1949 1764 2100 1810 cum
2151 1742 2293 1808 Deo
2347 1763 2708 1824 possumne,
2759 1742 3220 1809 favorabiliter

1209 1869 1594 1914 annuamus
1715 1847 2056 1926 Exhibita,
2128 1845 2469 1932 siquidem,
2535 1846 2739 1911 Nobis
2810 1869 3023 1934 nuper
3101 1869 3219 1934 pro

1209 1957 1398 2038 parte
1430 1957 1652 2017 voetra
1679 1952 1920 2038 peticio
1948 1949 2347 2026 continebat,
2377 1949 2555 2034 quod
2599 1950 2756 2016 olim
2802 1950 3214 2016 Venerabilis

1208 2053 1443 2121 Frater
1471 2055 1734 2131 Noster,
1765 2054 2127 2142 Episcopus
2158 2053 2655 2139 Wygorniensis
2700 2054 2970 2140 provide
3000 2060 3216 2120 atten-

1210 2158 1391 2234 denS,
1443 2159 1618 2242 quod
1676 2158 1978 2224 redditus
2036 2156 2316 2244 predicti
2376 2155 2579 2222 vestri
2638 2158 3043 2234 Monasterii,
3102 2161 3217 2244 qui

1209 2269 1374 2329 tunc
1418 2263 1504 2329 ad
1560 2262 1984 2328 medietatem
2044 2261 2184 2326 eius
2244 2261 2418 2346 quod
2477 2268 2954 2327 consueverant
3003 2263 3219 2328 valere

1209 2365 1327 2430 vix
1358 2389 1428 2431 se
1458 2365 1918 2444 extendebant,
1949 2365 2036 2431 ad
2065 2364 2416 2431 tenendam
2440 2364 2982 2448 hospitalitatem,
3016 2387 3217 2452 quam

1209 2491 1327 2535 vos
1350 2470 1695 2556 oportebat
1724 2475 1970 2547 tenere,
1990 2474 2059 2535 et
2087 2469 2174 2535 ad
2196 2469 2624 2534 sustentanda
2641 2473 2710 2534 et
2728 2471 3217 2536 manutenenda

1209 2572 1486 2650 edificia,
1508 2583 1644 2638 tam
1675 2574 1887 2660 ipsius
1917 2573 2301 2639 Monasterii
2326 2593 2523 2658 quam
2542 2573 2744 2638 etiam
2775 2575 3215 2639 maneriorum

1208 2676 1503 2742 eiusdem
1534 2698 1660 2761 que
1689 2682 1959 2763 propter
1985 2677 2279 2762 ipsorum
2312 2680 2731 2752 vetustatem,
2762 2682 2831 2741 et
2868 2684 3213 2742 ventorum

1205 2779 1542 2845 horridam
1596 2780 2069 2866 intemperiem,
2115 2778 2476 2865 plurimum
2529 2783 2721 2844 erant
2770 2779 3095 2864 collapsa3
3146 2786 3215 2845 et

1204 2883 1292 2948 ad
1351 2883 1480 2948 alia
1539 2903 1971 2969 expensarum
2045 2903 2245 2947 onera
2303 2881 2491 2947 vobis
2549 2881 3001 2947 incumbentia
3058 2904 3211 2969 sup·

1204 2986 1531 3076 portanda
1558 2986 1940 3053 nullatenus
1982 2984 2275 3052 sufficere
2318 2989 2669 3073 poterant3
2712 2985 2794 3051 de
2838 2985 3105 3053 consilio
3149 2992 3218 3054 et

1203 3112 1474 3157 assensu
1502 3090 1891 3156 dilectorum
1915 3090 2217 3167 filiorum,
2238 3089 2480 3155 Prioris
2510 3094 2579 3155 et
2609 3089 2903 3177 Capituli
2933 3090 3216 3156 Ecclesie

1205 3191 1723 3280 WygorniensiS,
1765 3192 2033 3259 Ordinis
2092 3192 2320 3259 Sancti
2385 3193 2744 3271 Benedicti,
2798 3192 3215 3280 [Ecclesiam]

1204 3296 1653 3364 Parochialem
1714 3298 1795 3362 de
1854 3296 2217 3383 Twenyng,
2275 3294 2775 3384 Wygorniensis
2848 3296 3214 3377 Dioceseos‚

1204 3401 1391 3465 cuius
1419 3399 1699 3479 fructm,
1728 3399 2041 3477 redditus,
2071 3404 2141 3465 et
2168 3405 2529 3486 proventus
2559 3399 3000 3486 quadraginta
3021 3402 3212 3486 quin-

1205 3524 1333 3588 que
1386 3503 1799 3570 marcharum
1857 3503 2341 3589 sterlingorum,
2393 3502 2755 3569 secundum
2801 3524 3213 3569 communem

1203 3607 1707 3673 extimacionem
1763 3605 2052 3671 valorem
2100 3627 2415 3683 annuum,
2445 3611 2522 3671 ut
2565 3606 2878 3685 asseritis,
2922 3628 3049 3669 non
3105 3628 3211 3671 ex-

1201 3708 1462 3786 cedunt,
1488 3709 1890 3776 Monasterio
1911 3714 2131 3776 vestro
2141 3708 2459 3796 predicte,
2474 3710 2679 3787 cuius,
2701 3708 3210 3787 eciam,fructu8,

1203 3812 1502 3878 redditus
1531 3819 1600 3879 et
1629 3817 1989 3897 proventus
2035 3814 2545 3899 quingentarum
2590 3812 3002 3879 marcharum
3038 3812 3211 3880 dicte

1199 3923 1486 3995 monete,
1557 3916 1918 3982 secundum
1949 3915 2254 4001 ,eandem
2327 3916 2849 3992 extimacionem,
2922 3915 3211 3981 valorem

1196 4042 1514 4100 annuum,
1544 4025 1622 4086 ut
1651 4021 1961 4097 asseritis,
1990 4041 2122 4086 non
2152 4020 2960 4086 excedunt—auctoritate
2992 4022 3209 4085 ordin-

1195 4126 1338 4191 aria
1394 4124 1842 4210 incorporavit
1899 4128 1969 4189 et
2028 4122 2409 4200 annexavit,
2460 4144 2538 4188 ac
2596 4128 2914 4210 perpetuo
2972 4122 3211 4201 univit,

1197 4232 1398 4315 prout
1426 4228 1498 4293 in
1528 4228 1770 4293 litteris
1819 4227 2174 4293 autenticis
2216 4227 2373 4292 inde
2416 4228 2751 4305 confectis,
2781 4226 3085 4314 Episcopi
3136 4249 3213 4295 ac

1199 4330 1442 4397 Prioris
1473 4335 1542 4397 et
1564 4331 1860 4417 Capituli
1882 4330 2323 4416 predictorum
2348 4330 2585 4414 sigillis
2610 4331 2905 4409 munitis,
2930 4352 3210 4416 quarum

1195 4440 1491 4501 tenorem
1521 4434 1605 4499 de
1622 4434 1824 4499 verbo
1841 4433 1929 4499 ad
1950 4434 2222 4499 verbum
2246 4434 2661 4520 presentibus
2683 4435 2883 4499 inseri
2915 4432 3217 4515 fecimus,

1195 4538 1455 4626 plenius
1513 4538 1911 4605 continetur.
2000 4536 2241 4618 Quare,
2300 4558 2419 4623 pro
2479 4542 2669 4624 parte
2745 4541 2967 4603 vestra
3016 4538 3208 4603 nobis

1191 4640 1526 4705 humiliter
1555 4640 2015 4726 supplicatum,
2048 4650 2128 4705 ut
2170 4639 2545 4705 huiusmodi
2589 4641 3214 4731 incorporacionem‚

1188 4744 1620 4810 annexionem
1665 4748 1736 4810 et
1792 4742 2105 4809 unionem
2156 4744 2567 4809 Auctoritate
2620 4743 2997 4830 Apostolica
3046 4764 3196 4808 con-

1193 4847 1473 4924 firmare,
1533 4868 1609 4913 ac
1667 4866 1929 4914 omnem
1991 4846 2344 4923 defectum,
2390 4848 2615 4933 siquis,
2675 4846 2923 4925 forsan,
2981 4846 3054 4911 in
3112 4848 3207 4913 eis
