3731 6032
1513 1005 1640 1066 283

549 1171 943 1236 desisterent
972 1175 1042 1236 et
1084 1174 1426 1246 cessarent,
1457 1175 1526 1235 et
1568 1167 2087 1254 acquietanciam
2131 1163 2561 1231 sufficientem

541 1273 762 1340 eidem
793 1274 1060 1339 domino
1091 1273 1348 1360 Rogero
1373 1272 1525 1338 inde
1547 1273 1865 1349 facerent,
1889 1277 2243 1357 preparent
2262 1273 2331 1334 et
2348 1269 2559 1334 eidem

545 1377 1298 1462 liberarent-quodque
1339 1377 1552 1442 dictus
1597 1375 1903 1441 dominus
1954 1374 2245 1459 Rogerus
2297 1376 2365 1438 et
2416 1394 2561 1439 suc·
2585 1429 2693 1479 The
2726 1431 2875 1480 vicar

546 1503 826 1548 cessores
889 1481 1016 1558 sui,
1089 1479 1348 1555 Vicarii,
1409 1478 1794 1544 Cancellum
1868 1477 2044 1542 dicte
2117 1476 2405 1543 Ecclesie
2478 1476 2651 1544 defo.
2678 1497 2787 1546 250.

549 1584 1014 1670 Schyreburna
1044 1583 1180 1648 suis
1226 1581 1601 1668 sumptibus
1653 1587 1722 1647 et
1774 1581 2078 1666 expensis
2123 1579 2465 1646 reficerent
2493 1585 2562 1646 et
2586 1560 2991 1690 :ffllrgffifflby

551 1694 879 1775 reparent,
937 1695 1138 1773 prout
1208 1686 1689 1772 predecessores
1761 1686 1885 1761 sui,
1943 1683 2208 1760 Vicarii,
2264 1689 2403 1748 tam
2477 1705 2561 1748 ex
2588 1691 2689 1740 due
2720 1696 2957 1740 sentence

551 1792 797 1868 debito,
825 1811 1025 1876 quam
1057 1779 1135 1854 ex
1181 1791 1512 1856 sententia
1559 1789 1923 1864 definitiva,
1967 1809 2084 1874 per
2136 1785 2562 1866 willelmum,
2586 1755 2861 1870 Qffffip

551 1915 766 1979 nuper
795 1893 1339 1978 Wygorniensem
1389 1891 1800 1977 Episcopum,
1835 1897 2067 1956 contra
2109 1889 2563 1976 Reginaldum,
2586 1885 2987 2001 ξιὸἒῑῗὲξθξῆεοᾞ·

544 2019 757 2084 nuper
765 1997 1103 2062 Vicarium
1122 1996 1297 2062 dicte
1317 1996 1603 2061 Ecclaeie
1621 1997 1694 2060 in
1714 2017 1792 2060 ea
1807 1998 1999 2080 parte
2016 1994 2169 2070 lata,
2180 1993 2561 2060 reficiebant
2671 1987 2686 2010 '
2975 1989 2987 2001 ’

547 2105 617 2166 et
639 2099 1050 2187 reparabant.
1139 2099 1336 2180 Quod
1366 2099 1632 2185 quidem
1654 2099 1945 2175 laudum,
1970 2098 2318 2164 arbitrium
2340 2104 2562 2184 partes

546 2205 839 2290 predicte
868 2203 1356 2270 considerantes
1401 2204 1495 2268 eis
1546 2203 1691 2268 fore
1743 2203 2030 2287 vale[ns]
2082 2206 2151 2266 et
2198 2203 2561 2289 pacificum,

545 2313 922 2374 execrantes
955 2308 1179 2373 licium
1204 2307 1752 2392 inquietudinem,
1774 2312 2116 2392 gratanter
2132 2311 2561 2392 acceptarunt

543 2415 612 2476 et
663 2410 1162 2494 omologarunt;
1228 2431 1426 2496 super
1484 2410 1728 2496 quibus
1787 2409 2096 2475 omnibus
2156 2417 2225 2474 et
2282 2409 2561 2496 singulis

547 2515 899 2601 premissis,
927 2535 1071 2579 sero
1115 2514 1321 2590 nobis„
1365 2535 1484 2600 per
1525 2521 1748 2601 partes
1791 2513 2137 2596 predictas,
2164 2513 2566 2580 sufficienter

546 2618 773 2683 extitit
829 2617 1012 2683 facta
1079 2617 1267 2694 fides,
1334 2617 1509 2682 unde
1568 2639 1653 2682 ex
1711 2626 1899 2700 parte
1957 2616 2435 2700 Religiosorum
2496 2624 2564 2684 et

541 2719 790 2787 Vicarii
865 2721 1408 2805 supradictorum,
1481 2741 1700 2785 coram
1774 2719 1967 2785 nobis
2039 2719 2437 2786 sufficienter
2495 2728 2563 2787 et

546 2822 946 2889 iudicialiter
964 2824 1744 2911 compareneium,extitit
1761 2823 2565 2910 supplicatum,quatenus

541 2926 838 3004 laudum,
867 2927 1217 2992 arbitrium
1249 2933 1317 2992 et
1341 2928 1828 2993 ordinacionem
1855 2927 2151 3012 predicta
2166 2930 2561 2994 auctoritate

544 3035 772 3097 nostra
800 3032 1102 3097 ordinare
1133 3042 1201 3097 et
1231 3032 1618 3099 confirmare
1663 3031 2106 3117 dignaremur.
2196 3033 2351 3111 Nos,
2385 3056 2563 3120 erg0,

546 3133 928 3211 Officinalis,
979 3136 1400 3222 investigatis
1452 3157 1568 3222 per
1613 3158 1732 3201 nos
1785 3136 2136 3221 diligenter
2186 3142 2256 3202 et
2304 3138 2562 3203 rimatis

545 3240 1025 3325 compromisi—30,
1048 3240 1245 3305 laudo
1276 3245 1346 3305 et
1373 3239 1649 3305 arbitrio
1685 3240 2099 3327 supradictis,
2122 3241 2279 3325 quia
2308 3242 2562 3306 inveni-

542 3363 693 3407 mus
742 3343 1293 3426 compromissum,
1343 3343 1615 3408 laudum
1662 3348 1732 3408 et
1773 3343 2119 3408 arbitrium
2168 3344 2560 3429 supradicta,

543 3465 762 3511 coram
793 3445 983 3511 nobis
1014 3467 1132 3531 per
1161 3450 1382 3532 partes
1412 3446 1740 3532 predictas
1762 3446 2163 3511 iudicialiter
2177 3453 2559 3534 presentata

475 3539 480 3545 ”
540 3554 608 3615 et
641 3548 880 3625 oblata,
911 3550 1038 3613 rite
1068 3554 1136 3614 et
1166 3549 1306 3614 zelo
1357 3550 1614 3614 iusticie
1657 3549 1838 3614 facta
1884 3554 1952 3614 et
1995 3550 2269 3635 prolata,
2302 3554 2556 3616 nostros

539 3653 626 3718 ad
678 3674 756 3717 ea
814 3651 1197 3737 prebuimus
1257 3657 1328 3717 et
1385 3651 1734 3738 prebemus
1791 3672 2130 3717 assensum
2192 3655 2439 3739 pariter
2486 3661 2555 3721 et

540 3777 945 3823 consensum.
1038 3755 1144 3833 Et,
1175 3756 1332 3840 quia
1360 3757 1453 3820 sic
1485 3756 1645 3832 fieri,
1663 3761 1802 3820 tam
1834 3755 2232 3822 Monasterio
2260 3757 2555 3843 predicto

540 3880 738 3945 quam
770 3858 1034 3923 Vicario
1065 3858 1324 3943 prefato
1355 3859 1625 3924 evidens
1657 3859 1914 3923 utilitas
1945 3863 2014 3924 et
2057 3864 2291 3946 patens
2334 3883 2553 3927 neces-

539 3963 720 4039 sitaS,
748 3983 867 4048 pro
898 3962 1201 4048 dampnis
1234 3963 1734 4027 imminentibus
1765 3969 1834 4027 et
1863 3964 2173 4048 periculis
2205 3966 2553 4041 evitandis,

541 4070 928 4154 exposcunt,
959 4066 1250 4143 laudum,
1279 4066 1627 4131 arbitrium
1675 4074 1742 4129 et
1794 4067 2279 4133 ordinacionem
2324 4091 2551 4155 supra·

542 4170 720 4236 dicta
761 4174 910 4235 rata
959 4178 1028 4233 et
1080 4171 1270 4235 firma
1319 4169 1660 4247 habenteS‚
1691 4171 1836 4256 ipsa
1886 4171 2282 4237 auctoritate
2326 4178 2548 4239 nostra

540 4273 866 4350 ordinare,
911 4272 993 4337 de
1037 4294 1353 4338 consensu
1404 4274 1700 4359 parcium
1752 4274 2194 4359 predictarum
2238 4297 2547 4363 expresso

537 4398 752 4443 coram
786 4375 995 4452 nobis,
1023 4377 1421 4443 iudicialiter
1471 4378 1706 4442 emisso
1751 4384 1979 4444 tenore
2009 4380 2433 4465 presencium,
2464 4403 2543 4446 ex

536 4486 716 4548 certa
745 4481 1032 4556 scientia,
1055 4480 1516 4546 confirmamus
1541 4486 1608 4545 et
1631 4481 2089 4567 approbamus,
2115 4498 2322 4569 eaque
2345 4485 2545 4550 robur

534 4585 856 4667 perpetue
885 4578 1220 4645 firmitatis
1249 4578 1492 4645 habere
1523 4582 2031 4666 pronunciamus
2053 4587 2123 4647 et
2144 4582 2545 4649 declaramus

537 4682 1024 4749 sentencialiter
1053 4689 1122 4749 et
1151 4681 1521 4761 diffinitive,
1545 4704 1620 4749 ac
1649 4705 1726 4748 ea
1756 4685 2132 4750 execucioni
2163 4685 2382 4752 debite
2405 4687 2546 4753 fore

535 4784 1014 4860 demandanda,
1040 4785 1449 4851 decernimus
1480 4787 1550 4849 in
1595 4786 1724 4851 hiis
1767 4788 2046 4873 scriptis.
2152 4790 2233 4853 In
2268 4811 2543 4875 quorum

537 4889 931 5047 omniun212et
975 4890 1382 4971 singulorum
1429 4890 1888 4976 premissorum
1924 4894 2394 4971 testimonium,
2424 4895 2545 4961 has

878 4998 932 5048 N
