<?xml version="1.0" encoding="UTF-8"?>
<!DOCTYPE html PUBLIC "-//W3C//DTD XHTML 1.0 Transitional//EN"
    "http://www.w3.org/TR/xhtml1/DTD/xhtml1-transitional.dtd">
<html xmlns="http://www.w3.org/1999/xhtml" xml:lang="en" lang="en">
 <head>
  <title>
</title>
<meta http-equiv="Content-Type" content="text/html;charset=utf-8" />
  <meta name='ocr-system' content='tesseract 3.04.00' />
  <meta name='ocr-capabilities' content='ocr_page ocr_carea ocr_par ocr_line ocrx_word'/>
</head>
<body>
  <div class='ocr_page' id='page_1' title='image "./landboc00bazegoog_0452.png"; bbox 0 0 3731 6032; ppageno 0'>
   <div class='ocr_carea' id='block_1_1' title="bbox 675 2361 1048 2608">
    <p class='ocr_par' dir='ltr' id='par_1_1' title="bbox 675 2361 1048 2608">
     <span class='ocr_line' id='line_1_1' title="bbox 676 2361 904 2414; baseline 0.009 -2"><span class='ocrx_word' id='word_1_1' title='bbox 676 2361 904 2414; x_wconf 75' lang='lat' dir='ltr'><strong>coen.</strong></span> 
     </span>
     <span class='ocr_line' id='line_1_2' title="bbox 675 2452 883 2506; baseline 0 -3"><span class='ocrx_word' id='word_1_2' title='bbox 675 2453 745 2505; x_wconf 78' lang='lat' dir='ltr'><strong>fo.</strong></span> <span class='ocrx_word' id='word_1_3' title='bbox 771 2452 883 2506; x_wconf 80' lang='lat'><strong>30⁷.</strong></span> 
     </span>
     <span class='ocr_line' id='line_1_3' title="bbox 675 2544 1048 2608; baseline -0.011 -11"><span class='ocrx_word' id='word_1_4' title='bbox 675 2546 887 2608; x_wconf 78' lang='lat' dir='ltr'><strong>Sunday</strong></span> <span class='ocrx_word' id='word_1_5' title='bbox 913 2544 1048 2594; x_wconf 74' lang='lat' dir='ltr'><strong>after</strong></span> 
     </span>
    </p>
   </div>
   <div class='ocr_carea' id='block_1_2' title="bbox 2056 970 2183 1034">
    <p class='ocr_par' dir='ltr' id='par_1_2' title="bbox 2056 970 2183 1034">
     <span class='ocr_line' id='line_1_4' title="bbox 2056 970 2183 1034; baseline 0.016 -2"><span class='ocrx_word' id='word_1_6' title='bbox 2056 970 2183 1034; x_wconf 88' lang='grc'><strong>356</strong></span> 
     </span>
    </p>
   </div>
   <div class='ocr_carea' id='block_1_3' title="bbox 1101 1137 3117 1954">
    <p class='ocr_par' dir='ltr' id='par_1_3' title="bbox 1101 1137 3117 1954">
     <span class='ocr_line' id='line_1_5' title="bbox 1101 1137 3109 1225; baseline 0.003 -25"><span class='ocrx_word' id='word_1_7' title='bbox 1101 1141 1416 1223; x_wconf 89' lang='lat' dir='ltr'><strong>concepta</strong></span> <span class='ocrx_word' id='word_1_8' title='bbox 1444 1139 1708 1206; x_wconf 84' lang='lat' dir='ltr'><strong>fuerant</strong></span> <span class='ocrx_word' id='word_1_9' title='bbox 1735 1140 2149 1216; x_wconf 89' lang='lat' dir='ltr'><strong>iudicialiter,</strong></span> <span class='ocrx_word' id='word_1_10' title='bbox 2178 1137 2488 1217; x_wconf 87' lang='lat' dir='ltr'><strong>recitatis,</strong></span> <span class='ocrx_word' id='word_1_11' title='bbox 2534 1146 2728 1225; x_wconf 84' lang='lat' dir='ltr'><strong>prout</strong></span> <span class='ocrx_word' id='word_1_12' title='bbox 2755 1138 3109 1224; x_wconf 85' lang='lat' dir='ltr'><strong>separatim</strong></span> 
     </span>
     <span class='ocr_line' id='line_1_6' title="bbox 1102 1237 3111 1328; baseline 0.003 -24"><span class='ocrx_word' id='word_1_13' title='bbox 1102 1237 1384 1306; x_wconf 82' lang='lat' dir='ltr'><strong>inferius</strong></span> <span class='ocrx_word' id='word_1_14' title='bbox 1413 1243 1788 1310; x_wconf 73' lang='lat' dir='ltr'>continetur</span> <span class='ocrx_word' id='word_1_15' title='bbox 1812 1243 2131 1328; x_wconf 76' lang='lat' dir='ltr'><strong>2—-[Here</strong></span> <span class='ocrx_word' id='word_1_16' title='bbox 2159 1244 2220 1308; x_wconf 91' lang='lat' dir='ltr'><strong>is</strong></span> <span class='ocrx_word' id='word_1_17' title='bbox 2248 1241 2495 1308; x_wconf 88' lang='lat' dir='ltr'><strong>recited</strong></span> <span class='ocrx_word' id='word_1_18' title='bbox 2525 1243 2641 1307; x_wconf 88' lang='lat' dir='ltr'><strong>the</strong></span> <span class='ocrx_word' id='word_1_19' title='bbox 2666 1241 2873 1328; x_wconf 83' lang='lat' dir='ltr'><strong>Reply</strong></span> <span class='ocrx_word' id='word_1_20' title='bbox 2901 1243 2974 1307; x_wconf 85' lang='lat' dir='ltr'><strong>of</strong></span> <span class='ocrx_word' id='word_1_21' title='bbox 2995 1242 3111 1310; x_wconf 87' lang='lat' dir='ltr'><strong>the</strong></span> 
     </span>
     <span class='ocr_line' id='line_1_7' title="bbox 1101 1341 3112 1415; baseline 0.003 -10"><span class='ocrx_word' id='word_1_22' title='bbox 1101 1341 1305 1409; x_wconf 89' lang='lat' dir='ltr'><strong>Rural</strong></span> <span class='ocrx_word' id='word_1_23' title='bbox 1337 1345 1521 1412; x_wconf 88' lang='lat' dir='ltr'><strong>Dean</strong></span> <span class='ocrx_word' id='word_1_24' title='bbox 1551 1347 1623 1413; x_wconf 82' lang='lat' dir='ltr'><strong>of</strong></span> <span class='ocrx_word' id='word_1_25' title='bbox 1651 1347 1839 1415; x_wconf 84' lang='lat' dir='ltr'><strong>Stow</strong></span> <span class='ocrx_word' id='word_1_26' title='bbox 1884 1354 1955 1414; x_wconf 88' lang='lat' dir='ltr'><strong>to</strong></span> <span class='ocrx_word' id='word_1_27' title='bbox 1998 1353 2112 1414; x_wconf 82' lang='lat' dir='ltr'><strong>the</strong></span> <span class='ocrx_word' id='word_1_28' title='bbox 2158 1346 2383 1412; x_wconf 87' lang='lat' dir='ltr'><strong>Abbat</strong></span> <span class='ocrx_word' id='word_1_29' title='bbox 2412 1345 2483 1412; x_wconf 77' lang='lat' dir='ltr'><strong>of</strong></span> <span class='ocrx_word' id='word_1_30' title='bbox 2510 1344 2889 1411; x_wconf 87' lang='lat' dir='ltr'><strong>Evesham’s</strong></span> <span class='ocrx_word' id='word_1_31' title='bbox 2922 1346 3112 1412; x_wconf 87' lang='lat' dir='ltr'><strong>Man-</strong></span> 
     </span>
     <span class='ocr_line' id='line_1_8' title="bbox 1103 1448 3117 1540; baseline -0 -28"><span class='ocrx_word' id='word_1_32' title='bbox 1103 1448 1274 1527; x_wconf 87' lang='lat' dir='ltr'><strong>date,</strong></span> <span class='ocrx_word' id='word_1_33' title='bbox 1325 1449 1717 1540; x_wconf 70' lang='lat' dir='ltr'><strong>beqinninq,</strong></span> <span class='ocrx_word' id='word_1_34' title='bbox 1775 1462 1808 1490; x_wconf 83' lang='lat'><strong>‘⁴</strong></span> <span class='ocrx_word' id='word_1_35' title='bbox 1837 1451 2220 1519; x_wconf 87' lang='lat' dir='ltr'><strong>Reverendo</strong></span> <span class='ocrx_word' id='word_1_36' title='bbox 2271 1450 2457 1517; x_wconf 88' lang='lat' dir='ltr'><strong>Patri</strong></span> <span class='ocrx_word' id='word_1_37' title='bbox 2518 1453 2587 1514; x_wconf 89' lang='lat' dir='ltr'><strong>in</strong></span> <span class='ocrx_word' id='word_1_38' title='bbox 2651 1450 2915 1517; x_wconf 86' lang='lat' dir='ltr'><strong>Christo</strong></span> <span class='ocrx_word' id='word_1_39' title='bbox 2978 1499 2992 1514; x_wconf 92' lang='lat'><strong>.</strong></span> <span class='ocrx_word' id='word_1_40' title='bbox 3038 1497 3055 1514; x_wconf 89' lang='lat'><strong>.</strong></span> <span class='ocrx_word' id='word_1_41' title='bbox 3100 1494 3117 1511; x_wconf 90' lang='lat'><strong>.</strong></span> 
     </span>
     <span class='ocr_line' id='line_1_9' title="bbox 1101 1551 3116 1636; baseline 0 -20"><span class='ocrx_word' id='word_1_42' title='bbox 1101 1551 1351 1618; x_wconf 78' lang='lat' dir='ltr'><strong>Abbati</strong></span> <span class='ocrx_word' id='word_1_43' title='bbox 1364 1554 1812 1636; x_wconf 82' lang='lat' dir='ltr'><strong>Eveshamme,</strong></span> <span class='ocrx_word' id='word_1_44' title='bbox 1832 1557 2037 1623; x_wconf 91' lang='lat' dir='ltr'><strong>iudici</strong></span> <span class='ocrx_word' id='word_1_45' title='bbox 2060 1555 2253 1621; x_wconf 89' lang='lat' dir='ltr'><strong>unico</strong></span> <span class='ocrx_word' id='word_1_46' title='bbox 2284 1605 2299 1621; x_wconf 89' lang='lat'><strong>.</strong></span> <span class='ocrx_word' id='word_1_47' title='bbox 2345 1605 2359 1621; x_wconf 88' lang='lat'><strong>.</strong></span> <span class='ocrx_word' id='word_1_48' title='bbox 2408 1603 2424 1619; x_wconf 88' lang='lat'><strong>.</strong></span> <span class='ocrx_word' id='word_1_49' title='bbox 2473 1553 2775 1620; x_wconf 88' lang='lat' dir='ltr'><strong>Decanus</strong></span> <span class='ocrx_word' id='word_1_50' title='bbox 2796 1552 2878 1618; x_wconf 90' lang='lat' dir='ltr'><strong>de</strong></span> <span class='ocrx_word' id='word_1_51' title='bbox 2898 1553 3116 1619; x_wconf 83' lang='lat' dir='ltr'><strong>Stowa</strong></span> 
     </span>
     <span class='ocr_line' id='line_1_10' title="bbox 1102 1656 3117 1741; baseline 0.001 -23"><span class='ocrx_word' id='word_1_52' title='bbox 1102 1703 1119 1717; x_wconf 90' lang='lat'><strong>.</strong></span> <span class='ocrx_word' id='word_1_53' title='bbox 1165 1705 1180 1720; x_wconf 91' lang='lat'><strong><em>.</em></strong></span> <span class='ocrx_word' id='word_1_54' title='bbox 1227 1705 1240 1719; x_wconf 94' lang='lat'>.</span> <span class='ocrx_word' id='word_1_55' title='bbox 1289 1657 1678 1726; x_wconf 80' lang='lat' dir='ltr'><strong>Mandatum</strong></span> <span class='ocrx_word' id='word_1_56' title='bbox 1708 1660 2021 1727; x_wconf 88' lang='lat' dir='ltr'><strong>Vestrum</strong></span> <span class='ocrx_word' id='word_1_57' title='bbox 2046 1661 2121 1724; x_wconf 96' lang='lat' dir='ltr'><strong>in</strong></span> <span class='ocrx_word' id='word_1_58' title='bbox 2158 1659 2277 1724; x_wconf 86' lang='lat' dir='ltr'><strong>bec</strong></span> <span class='ocrx_word' id='word_1_59' title='bbox 2306 1659 2506 1723; x_wconf 89' lang='lat' dir='ltr'><strong>verba</strong></span> <span class='ocrx_word' id='word_1_60' title='bbox 2536 1659 2763 1741; x_wconf 82' lang='lat' dir='ltr'><strong>recepi.</strong></span> <span class='ocrx_word' id='word_1_61' title='bbox 2838 1665 2871 1691; x_wconf 93' lang='lat'><strong>“</strong></span> <span class='ocrx_word' id='word_1_62' title='bbox 2896 1656 3117 1721; x_wconf 86' lang='lat' dir='ltr'><strong>Abbas</strong></span> 
     </span>
     <span class='ocr_line' id='line_1_11' title="bbox 1103 1757 3115 1848; baseline 0.003 -29"><span class='ocrx_word' id='word_1_63' title='bbox 1103 1757 1488 1826; x_wconf 84' lang='lat' dir='ltr'><strong>Monasterii</strong></span> <span class='ocrx_word' id='word_1_64' title='bbox 1533 1764 1616 1830; x_wconf 93' lang='lat' dir='ltr'><strong>de</strong></span> <span class='ocrx_word' id='word_1_65' title='bbox 1661 1764 1989 1830; x_wconf 87' lang='lat' dir='ltr'><strong>Evesham</strong></span> <span class='ocrx_word' id='word_1_66' title='bbox 2012 1763 2047 1793; x_wconf 90' lang='lat'><strong>”</strong></span> <span class='ocrx_word' id='word_1_67' title='bbox 2092 1812 2107 1830; x_wconf 91' lang='lat'>.</span> <span class='ocrx_word' id='word_1_68' title='bbox 2152 1812 2167 1828; x_wconf 93' lang='lat'>.</span> <span class='ocrx_word' id='word_1_69' title='bbox 2214 1811 2229 1829; x_wconf 91' lang='lat'>.</span> <span class='ocrx_word' id='word_1_70' title='bbox 2274 1760 2536 1848; x_wconf 73' lang='lat' dir='ltr'><strong>endiny</strong></span> <span class='ocrx_word' id='word_1_71' title='bbox 2579 1767 2621 1800; x_wconf 73' lang='lat'><strong>‘⁴</strong></span> <span class='ocrx_word' id='word_1_72' title='bbox 2650 1762 2889 1827; x_wconf 89' lang='lat' dir='ltr'><strong>Datum</strong></span> <span class='ocrx_word' id='word_1_73' title='bbox 2934 1759 3115 1847; x_wconf 87' lang='lat' dir='ltr'><strong>apud</strong></span> 
     </span>
     <span class='ocr_line' id='line_1_12' title="bbox 1105 1857 3113 1954; baseline 0.002 -30"><span class='ocrx_word' id='word_1_74' title='bbox 1105 1857 1417 1928; x_wconf 89' lang='lat' dir='ltr'><strong>Wenrich</strong></span> <span class='ocrx_word' id='word_1_75' title='bbox 1448 1864 1556 1932; x_wconf 90' lang='lat' dir='ltr'><strong>die</strong></span> <span class='ocrx_word' id='word_1_76' title='bbox 1580 1867 1816 1933; x_wconf 84' lang='lat' dir='ltr'><strong>Martis</strong></span> <span class='ocrx_word' id='word_1_77' title='bbox 1847 1867 2140 1954; x_wconf 89' lang='lat' dir='ltr'><strong>proxima</strong></span> <span class='ocrx_word' id='word_1_78' title='bbox 2158 1873 2306 1952; x_wconf 87' lang='lat' dir='ltr'><strong>post</strong></span> <span class='ocrx_word' id='word_1_79' title='bbox 2326 1864 2561 1930; x_wconf 83' lang='lat' dir='ltr'><strong>festum</strong></span> <span class='ocrx_word' id='word_1_80' title='bbox 2588 1865 2779 1930; x_wconf 88' lang='lat' dir='ltr'><strong>Beati</strong></span> <span class='ocrx_word' id='word_1_81' title='bbox 2804 1864 3113 1932; x_wconf 88' lang='lat' dir='ltr'><strong>Kenelmi</strong></span> 
     </span>
    </p>
   </div>
   <div class='ocr_carea' id='block_1_4' title="bbox 1105 1966 3125 2154">
    <p class='ocr_par' dir='ltr' id='par_1_4' title="bbox 1105 1966 3125 2154">
     <span class='ocr_line' id='line_1_13' title="bbox 1105 1966 3125 2154; baseline 0.002 -125"><span class='ocrx_word' id='word_1_82' title='bbox 1105 2013 1120 2028; x_wconf 89' lang='lat'><em>.</em></span> <span class='ocrx_word' id='word_1_83' title='bbox 1146 2013 1244 2134; x_wconf 72' lang='lat' dir='ltr'><strong>bo.</strong></span> <span class='ocrx_word' id='word_1_84' title='bbox 1289 1987 1461 2154; x_wconf 79' lang='lat' dir='ltr'><strong>a1]1no</strong></span> <span class='ocrx_word' id='word_1_85' title='bbox 1489 1971 1922 2055; x_wconf 74' lang='lat' dir='ltr'><strong>supradicto-’⁸</strong></span> <span class='ocrx_word' id='word_1_86' title='bbox 2014 1970 2139 2036; x_wconf 87' lang='lat' dir='ltr'><strong>See</strong></span> <span class='ocrx_word' id='word_1_87' title='bbox 2169 1969 2295 2035; x_wconf 90' lang='lat' dir='ltr'><strong>No.</strong></span> <span class='ocrx_word' id='word_1_88' title='bbox 2328 1966 2650 2049; x_wconf 68' lang='lat'>000111„</span> <span class='ocrx_word' id='word_1_89' title='bbox 2678 1991 2790 2057; x_wconf 87' lang='lat' dir='ltr'><strong>pp.</strong></span> <span class='ocrx_word' id='word_1_90' title='bbox 2824 1971 2971 2046; x_wconf 82' lang='lat'><strong>343,</strong></span> <span class='ocrx_word' id='word_1_91' title='bbox 2997 1971 3125 2034; x_wconf 79' lang='lat'><strong>344</strong></span> 
     </span>
     <span class='ocr_line' id='line_1_14' title="bbox 1106 2086 1330 2136; baseline 0.022 -5"><span class='ocrx_word' id='word_1_92' title='bbox 1106 2086 1145 2131; x_wconf 89' lang='lat' dir='ltr'><strong>a</strong></span> <span class='ocrx_word' id='word_1_93' title='bbox 1235 2090 1330 2136; x_wconf 83' lang='lat' dir='ltr'><strong>ve.</strong></span> 
     </span>
    </p>
   </div>
   <div class='ocr_carea' id='block_1_5' title="bbox 1327 2343 2909 2430">
    <p class='ocr_par' dir='ltr' id='par_1_5' title="bbox 1327 2343 2909 2430">
     <span class='ocr_line' id='line_1_15' title="bbox 1327 2343 2909 2430; baseline -0.003 -14"><span class='ocrx_word' id='word_1_94' title='bbox 1327 2343 1907 2416; x_wconf 58' lang='lat' dir='ltr'><strong>Procurator-ium</strong></span> <span class='ocrx_word' id='word_1_95' title='bbox 1932 2343 2241 2430; x_wconf 54' lang='lat' dir='ltr'><strong>yeme-ale</strong></span> <span class='ocrx_word' id='word_1_96' title='bbox 2268 2343 2364 2410; x_wconf 81' lang='lat' dir='ltr'><strong>ad</strong></span> <span class='ocrx_word' id='word_1_97' title='bbox 2393 2365 2620 2411; x_wconf 80' lang='lat' dir='ltr'><strong>omnes</strong></span> <span class='ocrx_word' id='word_1_98' title='bbox 2649 2365 2909 2414; x_wconf 73' lang='lat' dir='ltr'><strong>causas.</strong></span> 
     </span>
    </p>
   </div>
   <div class='ocr_carea' id='block_1_6' title="bbox 1194 2496 3125 2587">
    <p class='ocr_par' dir='ltr' id='par_1_6' title="bbox 1194 2496 3125 2587">
     <span class='ocr_line' id='line_1_16' title="bbox 1194 2496 3125 2587; baseline -0.001 -19"><span class='ocrx_word' id='word_1_99' title='bbox 1194 2500 1540 2569; x_wconf 87' lang='lat' dir='ltr'><strong>Universis</strong></span> <span class='ocrx_word' id='word_1_100' title='bbox 1583 2497 1828 2564; x_wconf 87' lang='lat' dir='ltr'><strong>Sancte</strong></span> <span class='ocrx_word' id='word_1_101' title='bbox 1874 2497 2121 2562; x_wconf 86' lang='lat' dir='ltr'><strong>Matres</strong></span> <span class='ocrx_word' id='word_1_102' title='bbox 2168 2496 2452 2563; x_wconf 86' lang='lat' dir='ltr'><strong>Ecclesie</strong></span> <span class='ocrx_word' id='word_1_103' title='bbox 2496 2497 2670 2578; x_wconf 88' lang='lat' dir='ltr'><strong>filiis,</strong></span> <span class='ocrx_word' id='word_1_104' title='bbox 2718 2500 2805 2566; x_wconf 85' lang='lat' dir='ltr'><strong>ad</strong></span> <span class='ocrx_word' id='word_1_105' title='bbox 2844 2522 3125 2587; x_wconf 87' lang='lat' dir='ltr'><strong>quorum</strong></span> 
     </span>
    </p>
   </div>
   <div class='ocr_carea' id='block_1_7' title="bbox 673 2600 3116 2690">
    <p class='ocr_par' dir='ltr' id='par_1_7' title="bbox 673 2600 3116 2690">
     <span class='ocr_line' id='line_1_17' title="bbox 673 2600 3116 2690; baseline 0 -19"><span class='ocrx_word' id='word_1_106' title='bbox 673 2614 740 2661; x_wconf 78' lang='lat'><strong>24</strong></span> <span class='ocrx_word' id='word_1_107' title='bbox 757 2610 894 2662; x_wconf 81' lang='lat' dir='ltr'><strong>June</strong></span> <span class='ocrx_word' id='word_1_108' title='bbox 917 2612 1058 2660; x_wconf 79' lang='lat'><strong>1801.</strong></span> <span class='ocrx_word' id='word_1_109' title='bbox 1103 2608 1418 2674; x_wconf 80' lang='lat' dir='ltr'><strong>noticiam</strong></span> <span class='ocrx_word' id='word_1_110' title='bbox 1439 2609 1772 2690; x_wconf 80' lang='lat' dir='ltr'><strong>presentes</strong></span> <span class='ocrx_word' id='word_1_111' title='bbox 1796 2601 2016 2666; x_wconf 83' lang='lat' dir='ltr'><strong>littere</strong></span> <span class='ocrx_word' id='word_1_112' title='bbox 2033 2600 2473 2687; x_wconf 77' lang='lat' dir='ltr'><strong>pervenerint,</strong></span> <span class='ocrx_word' id='word_1_113' title='bbox 2496 2602 2849 2681; x_wconf 87' lang='lat' dir='ltr'><strong>Walterus,</strong></span> <span class='ocrx_word' id='word_1_114' title='bbox 2875 2605 3116 2672; x_wconf 88' lang='lat' dir='ltr'><strong>Divina</strong></span> 
     </span>
    </p>
   </div>
   <div class='ocr_carea' id='block_1_8' title="bbox 675 2676 1028 2727">
    <p class='ocr_par' dir='ltr' id='par_1_8' title="bbox 675 2676 1028 2727">
     <span class='ocr_line' id='line_1_18' title="bbox 675 2676 1028 2727; baseline -0.006 -1"><span class='ocrx_word' id='word_1_115' title='bbox 675 2676 1028 2727; x_wconf 81' lang='lat' dir='ltr'><strong>Procuration.</strong></span> 
     </span>
    </p>
   </div>
   <div class='ocr_carea' id='block_1_9' title="bbox 1105 2703 3131 3308">
    <p class='ocr_par' dir='ltr' id='par_1_9' title="bbox 1105 2703 3131 3308">
     <span class='ocr_line' id='line_1_19' title="bbox 1105 2703 3128 2788; baseline -0.001 -11"><span class='ocrx_word' id='word_1_116' title='bbox 1105 2709 1556 2782; x_wconf 88' lang='lat' dir='ltr'><strong>Providencia,</strong></span> <span class='ocrx_word' id='word_1_117' title='bbox 1600 2705 1826 2770; x_wconf 82' lang='lat' dir='ltr'><strong>Abbas</strong></span> <span class='ocrx_word' id='word_1_118' title='bbox 1871 2705 1953 2768; x_wconf 93' lang='lat' dir='ltr'><strong>de</strong></span> <span class='ocrx_word' id='word_1_119' title='bbox 1997 2703 2527 2788; x_wconf 83' lang='lat' dir='ltr'><strong>Wynchecumba</strong></span> <span class='ocrx_word' id='word_1_120' title='bbox 2570 2711 2640 2770; x_wconf 93' lang='lat' dir='ltr'><strong>et</strong></span> <span class='ocrx_word' id='word_1_121' title='bbox 2676 2707 2971 2773; x_wconf 88' lang='lat' dir='ltr'><strong>eiusdem</strong></span> <span class='ocrx_word' id='word_1_122' title='bbox 3003 2709 3128 2776; x_wconf 90' lang='lat' dir='ltr'><strong>loci</strong></span> 
     </span>
     <span class='ocr_line' id='line_1_20' title="bbox 1108 2807 3124 2888; baseline -0 -7"><span class='ocrx_word' id='word_1_123' title='bbox 1108 2813 1501 2888; x_wconf 84' lang='lat' dir='ltr'><strong>Conventus,</strong></span> <span class='ocrx_word' id='word_1_124' title='bbox 1531 2809 1828 2876; x_wconf 81' lang='lat' dir='ltr'><strong>Salutem</strong></span> <span class='ocrx_word' id='word_1_125' title='bbox 1861 2808 1931 2871; x_wconf 94' lang='lat' dir='ltr'><strong>in</strong></span> <span class='ocrx_word' id='word_1_126' title='bbox 1964 2807 2252 2872; x_wconf 90' lang='lat' dir='ltr'><strong>omnium</strong></span> <span class='ocrx_word' id='word_1_127' title='bbox 2285 2807 2641 2876; x_wconf 88' lang='lat' dir='ltr'><strong>Salvatore.</strong></span> <span class='ocrx_word' id='word_1_128' title='bbox 2705 2811 2787 2876; x_wconf 89' lang='lat' dir='ltr'><strong>In</strong></span> <span class='ocrx_word' id='word_1_129' title='bbox 2818 2814 3124 2880; x_wconf 90' lang='lat' dir='ltr'><strong>omnibus</strong></span> 
     </span>
     <span class='ocr_line' id='line_1_21' title="bbox 1105 2911 3124 3000; baseline 0 -17"><span class='ocrx_word' id='word_1_130' title='bbox 1105 2917 1316 2984; x_wconf 90' lang='lat' dir='ltr'><strong>causis</strong></span> <span class='ocrx_word' id='word_1_131' title='bbox 1348 2921 1416 2980; x_wconf 91' lang='lat' dir='ltr'><strong>et</strong></span> <span class='ocrx_word' id='word_1_132' title='bbox 1445 2914 1735 3000; x_wconf 77' lang='lat' dir='ltr'><strong>negociis</strong></span> <span class='ocrx_word' id='word_1_133' title='bbox 1754 2932 2059 2997; x_wconf 83' lang='lat' dir='ltr'><strong>personas</strong></span> <span class='ocrx_word' id='word_1_134' title='bbox 2079 2915 2330 2976; x_wconf 83' lang='lat' dir='ltr'><strong>nostras</strong></span> <span class='ocrx_word' id='word_1_135' title='bbox 2352 2923 2418 2976; x_wconf 90' lang='lat' dir='ltr'><strong>et</strong></span> <span class='ocrx_word' id='word_1_136' title='bbox 2442 2911 2794 2979; x_wconf 80' lang='lat' dir='ltr'><strong>Ecclesiam</strong></span> <span class='ocrx_word' id='word_1_137' title='bbox 2829 2921 3124 2983; x_wconf 89' lang='lat' dir='ltr'><strong>nostram</strong></span> 
     </span>
     <span class='ocr_line' id='line_1_22' title="bbox 1107 3014 3122 3109; baseline 0 -23"><span class='ocrx_word' id='word_1_138' title='bbox 1107 3021 1646 3109; x_wconf 78' lang='lat' dir='ltr'><strong>qualitercunque</strong></span> <span class='ocrx_word' id='word_1_139' title='bbox 1719 3014 2266 3101; x_wconf 86' lang='lat' dir='ltr'><strong>contingentibus,</strong></span> <span class='ocrx_word' id='word_1_140' title='bbox 2342 3016 2535 3082; x_wconf 83' lang='lat' dir='ltr'><strong>motis</strong></span> <span class='ocrx_word' id='word_1_141' title='bbox 2609 3040 2724 3083; x_wconf 89' lang='lat' dir='ltr'><strong>seu</strong></span> <span class='ocrx_word' id='word_1_142' title='bbox 2785 3022 3122 3088; x_wconf 83' lang='lat' dir='ltr'><strong>movendis</strong></span> 
     </span>
     <span class='ocr_line' id='line_1_23' title="bbox 1108 3118 3127 3211; baseline -0 -18"><span class='ocrx_word' id='word_1_143' title='bbox 1108 3146 1324 3193; x_wconf 88' lang='lat' dir='ltr'><strong>coram</strong></span> <span class='ocrx_word' id='word_1_144' title='bbox 1355 3121 1858 3208; x_wconf 82' lang='lat' dir='ltr'><strong>quibuscunque</strong></span> <span class='ocrx_word' id='word_1_145' title='bbox 1888 3118 2215 3183; x_wconf 88' lang='lat' dir='ltr'><strong>iudicibus</strong></span> <span class='ocrx_word' id='word_1_146' title='bbox 2256 3118 2603 3185; x_wconf 88' lang='lat' dir='ltr'><strong>ordinariis</strong></span> <span class='ocrx_word' id='word_1_147' title='bbox 2644 3143 2763 3188; x_wconf 89' lang='lat' dir='ltr'><strong>seu</strong></span> <span class='ocrx_word' id='word_1_148' title='bbox 2809 3124 3127 3211; x_wconf 83' lang='lat' dir='ltr'><strong>delegatis</strong></span> 
     </span>
     <span class='ocr_line' id='line_1_24' title="bbox 1110 3222 3131 3308; baseline -0.002 -13"><span class='ocrx_word' id='word_1_149' title='bbox 1110 3229 1217 3295; x_wconf 85' lang='lat' dir='ltr'><strong>vel</strong></span> <span class='ocrx_word' id='word_1_150' title='bbox 1241 3248 1468 3293; x_wconf 91' lang='lat' dir='ltr'><strong>eorum</strong></span> <span class='ocrx_word' id='word_1_151' title='bbox 1491 3222 1974 3299; x_wconf 65' lang='lat' dir='ltr'><strong>commissoriis,</strong></span> <span class='ocrx_word' id='word_1_152' title='bbox 2006 3222 2504 3308; x_wconf 85' lang='lat' dir='ltr'><strong>quibuscunque</strong></span> <span class='ocrx_word' id='word_1_153' title='bbox 2534 3223 2763 3291; x_wconf 86' lang='lat' dir='ltr'><strong>diebus</strong></span> <span class='ocrx_word' id='word_1_154' title='bbox 2786 3236 2851 3291; x_wconf 91' lang='lat' dir='ltr'><strong>et</strong></span> <span class='ocrx_word' id='word_1_155' title='bbox 2884 3228 3131 3293; x_wconf 86' lang='lat' dir='ltr'><strong>locis—</strong></span> 
     </span>
    </p>
   </div>
   <div class='ocr_carea' id='block_1_10' title="bbox 683 3324 3130 3553">
    <p class='ocr_par' dir='ltr' id='par_1_10' title="bbox 683 3324 3130 3553">
     <span class='ocr_line' id='line_1_25' title="bbox 683 3324 3127 3424; baseline -0.001 -26"><span class='ocrx_word' id='word_1_156' title='bbox 683 3372 904 3424; x_wconf 70' lang='lat' dir='ltr'><strong>Riohsrd</strong></span> <span class='ocrx_word' id='word_1_157' title='bbox 927 3371 982 3421; x_wconf 76' lang='lat' dir='ltr'><strong>of</strong></span> <span class='ocrx_word' id='word_1_158' title='bbox 1111 3331 1426 3399; x_wconf 89' lang='lat' dir='ltr'><strong>dilectum</strong></span> <span class='ocrx_word' id='word_1_159' title='bbox 1457 3328 1649 3393; x_wconf 88' lang='lat' dir='ltr'><strong>nobis</strong></span> <span class='ocrx_word' id='word_1_160' title='bbox 1693 3326 1765 3391; x_wconf 91' lang='lat' dir='ltr'><strong>in</strong></span> <span class='ocrx_word' id='word_1_161' title='bbox 1809 3326 2075 3393; x_wconf 82' lang='lat' dir='ltr'><strong>Christo</strong></span> <span class='ocrx_word' id='word_1_162' title='bbox 2119 3324 2389 3390; x_wconf 88' lang='lat' dir='ltr'><strong>fratrem</strong></span> <span class='ocrx_word' id='word_1_163' title='bbox 2421 3326 2772 3393; x_wconf 82' lang='lat' dir='ltr'><strong>Ricardum</strong></span> <span class='ocrx_word' id='word_1_164' title='bbox 2804 3329 2885 3396; x_wconf 92' lang='lat' dir='ltr'><strong>de</strong></span> <span class='ocrx_word' id='word_1_165' title='bbox 2917 3330 3127 3417; x_wconf 82' lang='lat' dir='ltr'><strong>Wyn-</strong></span> 
     </span>
     <span class='ocr_line' id='line_1_26' title="bbox 683 3428 3130 3553; baseline 0 -54"><span class='ocrx_word' id='word_1_166' title='bbox 683 3438 1064 3553; x_wconf 43' lang='lat' dir='ltr'><strong>Wimhel&#39;frffo’w</strong></span> <span class='ocrx_word' id='word_1_167' title='bbox 1115 3436 1317 3511; x_wconf 89' lang='lat' dir='ltr'><strong>tonia,</strong></span> <span class='ocrx_word' id='word_1_168' title='bbox 1369 3429 1908 3500; x_wconf 81' lang='lat' dir='ltr'><strong>commonachum</strong></span> <span class='ocrx_word' id='word_1_169' title='bbox 1956 3433 2026 3495; x_wconf 89' lang='lat' dir='ltr'><strong>et</strong></span> <span class='ocrx_word' id='word_1_170' title='bbox 2066 3428 2465 3495; x_wconf 82' lang='lat' dir='ltr'><strong>confratrem</strong></span> <span class='ocrx_word' id='word_1_171' title='bbox 2506 3436 2825 3510; x_wconf 90' lang='lat' dir='ltr'><strong>nostrum,</strong></span> <span class='ocrx_word' id='word_1_172' title='bbox 2860 3432 3130 3500; x_wconf 88' lang='lat' dir='ltr'><strong>Procur-</strong></span> 
     </span>
    </p>
   </div>
   <div class='ocr_carea' id='block_1_11' title="bbox 687 3504 934 3686">
    <p class='ocr_par' dir='ltr' id='par_1_11' title="bbox 687 3504 934 3686">
     <span class='ocr_line' id='line_1_27' title="bbox 687 3504 858 3564; baseline -0.012 -9"><span class='ocrx_word' id='word_1_173' title='bbox 687 3504 858 3564; x_wconf 81' lang='lat' dir='ltr'><strong>monk,</strong></span> 
     </span>
     <span class='ocr_line' id='line_1_28' title="bbox 693 3568 882 3619; baseline -0.011 0"><span class='ocrx_word' id='word_1_174' title='bbox 693 3570 772 3619; x_wconf 71' lang='lat' dir='ltr'><strong>for</strong></span> <span class='ocrx_word' id='word_1_175' title='bbox 791 3568 882 3619; x_wconf 82' lang='lat' dir='ltr'><strong>the</strong></span> 
     </span>
     <span class='ocr_line' id='line_1_29' title="bbox 689 3636 934 3686; baseline -0.016 0"><span class='ocrx_word' id='word_1_176' title='bbox 689 3636 934 3686; x_wconf 68' lang='lat' dir='ltr'><strong>Convent-</strong></span> 
     </span>
    </p>
   </div>
   <div class='ocr_carea' id='block_1_12' title="bbox 1063 3516 3145 4969">
    <p class='ocr_par' dir='ltr' id='par_1_12' title="bbox 1063 3516 3145 4969">
     <span class='ocr_line' id='line_1_30' title="bbox 1063 3516 3134 3615; baseline -0.002 -10"><span class='ocrx_word' id='word_1_177' title='bbox 1063 3516 1090 3551; x_wconf 84' lang='lat' dir='ltr'><strong>r</strong></span> <span class='ocrx_word' id='word_1_178' title='bbox 1115 3543 1366 3605; x_wconf 89' lang='lat' dir='ltr'><strong>atorem</strong></span> <span class='ocrx_word' id='word_1_179' title='bbox 1410 3541 1714 3601; x_wconf 88' lang='lat' dir='ltr'><strong>nostrum</strong></span> <span class='ocrx_word' id='word_1_180' title='bbox 1758 3532 2153 3609; x_wconf 83' lang='lat' dir='ltr'><strong>ordinamus,</strong></span> <span class='ocrx_word' id='word_1_181' title='bbox 2198 3530 2479 3597; x_wconf 81' lang='lat' dir='ltr'><strong>facimus</strong></span> <span class='ocrx_word' id='word_1_182' title='bbox 2532 3538 2600 3599; x_wconf 89' lang='lat' dir='ltr'><strong>et</strong></span> <span class='ocrx_word' id='word_1_183' title='bbox 2650 3536 3134 3615; x_wconf 86' lang='lat' dir='ltr'><strong>constituimus,</strong></span> 
     </span>
     <span class='ocr_line' id='line_1_31' title="bbox 1118 3636 3132 3723; baseline -0 -15"><span class='ocrx_word' id='word_1_184' title='bbox 1118 3641 1352 3708; x_wconf 86' lang='lat' dir='ltr'><strong>dantes</strong></span> <span class='ocrx_word' id='word_1_185' title='bbox 1395 3638 1608 3703; x_wconf 90' lang='lat' dir='ltr'><strong>eidem</strong></span> <span class='ocrx_word' id='word_1_186' title='bbox 1651 3636 1999 3723; x_wconf 86' lang='lat' dir='ltr'><strong>specialem</strong></span> <span class='ocrx_word' id='word_1_187' title='bbox 2044 3642 2454 3721; x_wconf 81' lang='lat' dir='ltr'><strong>potestatem,</strong></span> <span class='ocrx_word' id='word_1_188' title='bbox 2498 3639 2764 3703; x_wconf 88' lang='lat' dir='ltr'><strong>nomine</strong></span> <span class='ocrx_word' id='word_1_189' title='bbox 2794 3638 3018 3705; x_wconf 81' lang='lat' dir='ltr'><strong>nostro</strong></span> <span class='ocrx_word' id='word_1_190' title='bbox 3061 3645 3132 3707; x_wconf 91' lang='lat' dir='ltr'><strong>et</strong></span> 
     </span>
     <span class='ocr_line' id='line_1_32' title="bbox 1120 3738 3133 3829; baseline -0.001 -17"><span class='ocrx_word' id='word_1_191' title='bbox 1120 3744 1407 3812; x_wconf 89' lang='lat' dir='ltr'><strong>Ecclesie</strong></span> <span class='ocrx_word' id='word_1_192' title='bbox 1437 3748 1676 3816; x_wconf 87' lang='lat' dir='ltr'><strong>nostre,</strong></span> <span class='ocrx_word' id='word_1_193' title='bbox 1705 3738 1961 3825; x_wconf 85' lang='lat' dir='ltr'><strong>agendi,</strong></span> <span class='ocrx_word' id='word_1_194' title='bbox 1991 3738 2396 3815; x_wconf 88' lang='lat' dir='ltr'><strong>defendendi,</strong></span> <span class='ocrx_word' id='word_1_195' title='bbox 2426 3740 2814 3827; x_wconf 85' lang='lat' dir='ltr'><strong>appellandi,</strong></span> <span class='ocrx_word' id='word_1_196' title='bbox 2844 3743 3133 3829; x_wconf 90' lang='lat' dir='ltr'><strong>appella-</strong></span> 
     </span>
     <span class='ocr_line' id='line_1_33' title="bbox 1121 3843 3135 3930; baseline -0.001 -14"><span class='ocrx_word' id='word_1_197' title='bbox 1121 3852 1375 3916; x_wconf 89' lang='lat' dir='ltr'><strong>cionem</strong></span> <span class='ocrx_word' id='word_1_198' title='bbox 1426 3843 1832 3930; x_wconf 88' lang='lat' dir='ltr'><strong>proseqendi,</strong></span> <span class='ocrx_word' id='word_1_199' title='bbox 1876 3843 2333 3926; x_wconf 89' lang='lat' dir='ltr'><strong>respondendi,</strong></span> <span class='ocrx_word' id='word_1_200' title='bbox 2386 3844 2774 3930; x_wconf 86' lang='lat' dir='ltr'><strong>excipiendi,</strong></span> <span class='ocrx_word' id='word_1_201' title='bbox 2822 3854 3022 3912; x_wconf 82' lang='lat' dir='ltr'><strong>testes</strong></span> <span class='ocrx_word' id='word_1_202' title='bbox 3066 3852 3135 3913; x_wconf 90' lang='lat' dir='ltr'><strong>et</strong></span> 
     </span>
     <span class='ocr_line' id='line_1_34' title="bbox 1121 3946 3136 4034; baseline -0.001 -16"><span class='ocrx_word' id='word_1_203' title='bbox 1121 3956 1565 4018; x_wconf 87' lang='lat' dir='ltr'><strong>instrumenta</strong></span> <span class='ocrx_word' id='word_1_204' title='bbox 1608 3946 2030 4034; x_wconf 86' lang='lat' dir='ltr'><strong>producendi,</strong></span> <span class='ocrx_word' id='word_1_205' title='bbox 2073 3950 2284 4012; x_wconf 82' lang='lat' dir='ltr'><strong>status</strong></span> <span class='ocrx_word' id='word_1_206' title='bbox 2344 3948 2551 4012; x_wconf 83' lang='lat' dir='ltr'><strong>nostri</strong></span> <span class='ocrx_word' id='word_1_207' title='bbox 2602 3948 3136 4016; x_wconf 82' lang='lat' dir='ltr'><strong>reformacionem</strong></span> 
     </span>
     <span class='ocr_line' id='line_1_35' title="bbox 1123 4050 3137 4139; baseline -0 -18"><span class='ocrx_word' id='word_1_208' title='bbox 1123 4058 1197 4122; x_wconf 89' lang='lat' dir='ltr'><strong>in</strong></span> <span class='ocrx_word' id='word_1_209' title='bbox 1249 4058 1581 4139; x_wconf 85' lang='lat' dir='ltr'><strong>integrum</strong></span> <span class='ocrx_word' id='word_1_210' title='bbox 1630 4050 1899 4137; x_wconf 87' lang='lat' dir='ltr'><strong>petendi</strong></span> <span class='ocrx_word' id='word_1_211' title='bbox 1947 4058 2017 4115; x_wconf 85' lang='lat' dir='ltr'><strong>et</strong></span> <span class='ocrx_word' id='word_1_212' title='bbox 2065 4050 2423 4136; x_wconf 87' lang='lat' dir='ltr'><strong>optinendi,</strong></span> <span class='ocrx_word' id='word_1_213' title='bbox 2468 4053 2539 4116; x_wconf 93' lang='lat' dir='ltr'><strong>in</strong></span> <span class='ocrx_word' id='word_1_214' title='bbox 2591 4052 2841 4117; x_wconf 83' lang='lat' dir='ltr'><strong>animas</strong></span> <span class='ocrx_word' id='word_1_215' title='bbox 2884 4072 3137 4121; x_wconf 86' lang='lat' dir='ltr'><strong>nostras</strong></span> 
     </span>
     <span class='ocr_line' id='line_1_36' title="bbox 1127 4154 3139 4246; baseline -0 -23"><span class='ocrx_word' id='word_1_216' title='bbox 1127 4157 1469 4246; x_wconf 86' lang='lat' dir='ltr'><strong>quodlibet</strong></span> <span class='ocrx_word' id='word_1_217' title='bbox 1525 4176 1732 4241; x_wconf 80' lang='lat' dir='ltr'><strong>genus</strong></span> <span class='ocrx_word' id='word_1_218' title='bbox 1789 4154 1957 4221; x_wconf 89' lang='lat' dir='ltr'><strong>liciti</strong></span> <span class='ocrx_word' id='word_1_219' title='bbox 2034 4156 2424 4220; x_wconf 82' lang='lat' dir='ltr'><strong>sacramenti</strong></span> <span class='ocrx_word' id='word_1_220' title='bbox 2498 4158 2862 4241; x_wconf 81' lang='lat' dir='ltr'><strong>prestandi,</strong></span> <span class='ocrx_word' id='word_1_221' title='bbox 2931 4158 3139 4223; x_wconf 90' lang='lat' dir='ltr'><strong>alium</strong></span> 
     </span>
     <span class='ocr_line' id='line_1_37' title="bbox 1127 4258 3141 4347; baseline -0.001 -18"><span class='ocrx_word' id='word_1_222' title='bbox 1127 4262 1621 4329; x_wconf 87' lang='lat' dir='ltr'><strong>Procuratorem</strong></span> <span class='ocrx_word' id='word_1_223' title='bbox 1677 4258 2137 4335; x_wconf 85' lang='lat' dir='ltr'><strong>substituendi,</strong></span> <span class='ocrx_word' id='word_1_224' title='bbox 2184 4262 2254 4323; x_wconf 91' lang='lat' dir='ltr'><strong>et</strong></span> <span class='ocrx_word' id='word_1_225' title='bbox 2304 4260 2525 4323; x_wconf 89' lang='lat' dir='ltr'><strong>omnia</strong></span> <span class='ocrx_word' id='word_1_226' title='bbox 2581 4260 2710 4326; x_wconf 90' lang='lat' dir='ltr'><strong>alia</strong></span> <span class='ocrx_word' id='word_1_227' title='bbox 2760 4266 2829 4326; x_wconf 91' lang='lat' dir='ltr'><strong>et</strong></span> <span class='ocrx_word' id='word_1_228' title='bbox 2880 4261 3141 4347; x_wconf 85' lang='lat' dir='ltr'><strong>singula</strong></span> 
     </span>
     <span class='ocr_line' id='line_1_38' title="bbox 1130 4362 3139 4449; baseline 0.001 -20"><span class='ocrx_word' id='word_1_229' title='bbox 1130 4364 1431 4441; x_wconf 81' lang='lat' dir='ltr'><strong>faciendi,</strong></span> <span class='ocrx_word' id='word_1_230' title='bbox 1480 4384 1610 4447; x_wconf 92' lang='lat' dir='ltr'><strong>que</strong></span> <span class='ocrx_word' id='word_1_231' title='bbox 1656 4383 1774 4449; x_wconf 90' lang='lat' dir='ltr'><strong>per</strong></span> <span class='ocrx_word' id='word_1_232' title='bbox 1823 4382 2051 4427; x_wconf 87' lang='lat' dir='ltr'><strong>verum</strong></span> <span class='ocrx_word' id='word_1_233' title='bbox 2103 4366 2171 4427; x_wconf 90' lang='lat' dir='ltr'><strong>et</strong></span> <span class='ocrx_word' id='word_1_234' title='bbox 2222 4362 2593 4447; x_wconf 88' lang='lat' dir='ltr'><strong>legitimum</strong></span> <span class='ocrx_word' id='word_1_235' title='bbox 2645 4362 3139 4431; x_wconf 88' lang='lat' dir='ltr'><strong>Procuratorem</strong></span> 
     </span>
     <span class='ocr_line' id='line_1_39' title="bbox 1129 4465 3139 4557; baseline -0 -21"><span class='ocrx_word' id='word_1_236' title='bbox 1129 4472 1444 4557; x_wconf 90' lang='lat' dir='ltr'><strong>poterunt</strong></span> <span class='ocrx_word' id='word_1_237' title='bbox 1473 4467 1786 4551; x_wconf 88' lang='lat' dir='ltr'><strong>expediri,</strong></span> <span class='ocrx_word' id='word_1_238' title='bbox 1815 4471 1886 4532; x_wconf 92' lang='lat' dir='ltr'><strong>et</strong></span> <span class='ocrx_word' id='word_1_239' title='bbox 1915 4486 2299 4552; x_wconf 88' lang='lat' dir='ltr'><strong>quecunque</strong></span> <span class='ocrx_word' id='word_1_240' title='bbox 2320 4465 2705 4532; x_wconf 87' lang='lat' dir='ltr'><strong>mandatum</strong></span> <span class='ocrx_word' id='word_1_241' title='bbox 2728 4469 3007 4554; x_wconf 87' lang='lat' dir='ltr'><strong>speciale</strong></span> <span class='ocrx_word' id='word_1_242' title='bbox 3026 4491 3139 4535; x_wconf 90' lang='lat' dir='ltr'><strong>seu</strong></span> 
     </span>
     <span class='ocr_line' id='line_1_40' title="bbox 1129 4569 3141 4659; baseline 0 -21"><span class='ocrx_word' id='word_1_243' title='bbox 1129 4571 1427 4659; x_wconf 86' lang='lat' dir='ltr'><strong>generale</strong></span> <span class='ocrx_word' id='word_1_244' title='bbox 1459 4570 1732 4655; x_wconf 77' lang='lat' dir='ltr'><strong>requirit</strong></span> <span class='ocrx_word' id='word_1_245' title='bbox 1762 4591 1884 4656; x_wconf 89' lang='lat' dir='ltr'><strong>pro</strong></span> <span class='ocrx_word' id='word_1_246' title='bbox 1928 4569 2157 4635; x_wconf 89' lang='lat' dir='ltr'><strong>eodem</strong></span> <span class='ocrx_word' id='word_1_247' title='bbox 2200 4590 2312 4635; x_wconf 89' lang='lat' dir='ltr'><strong>seu</strong></span> <span class='ocrx_word' id='word_1_248' title='bbox 2359 4569 2560 4656; x_wconf 79' lang='lat' dir='ltr'><strong>ipsius</strong></span> <span class='ocrx_word' id='word_1_249' title='bbox 2590 4572 2972 4650; x_wconf 89' lang='lat' dir='ltr'><strong>substituto,</strong></span> <span class='ocrx_word' id='word_1_250' title='bbox 3000 4595 3141 4639; x_wconf 88' lang='lat' dir='ltr'><strong>rem</strong></span> 
     </span>
     <span class='ocr_line' id='line_1_41' title="bbox 1131 4673 3141 4759; baseline -0 -16"><span class='ocrx_word' id='word_1_251' title='bbox 1131 4684 1345 4743; x_wconf 88' lang='lat' dir='ltr'><strong>ratam</strong></span> <span class='ocrx_word' id='word_1_252' title='bbox 1403 4675 1630 4741; x_wconf 89' lang='lat' dir='ltr'><strong>haberi</strong></span> <span class='ocrx_word' id='word_1_253' title='bbox 1690 4679 1760 4741; x_wconf 93' lang='lat' dir='ltr'><strong>et</strong></span> <span class='ocrx_word' id='word_1_254' title='bbox 1816 4673 2184 4740; x_wconf 88' lang='lat' dir='ltr'><strong>iudicatum</strong></span> <span class='ocrx_word' id='word_1_255' title='bbox 2244 4673 2414 4739; x_wconf 85' lang='lat' dir='ltr'><strong>solvi</strong></span> <span class='ocrx_word' id='word_1_256' title='bbox 2488 4676 2952 4759; x_wconf 87' lang='lat' dir='ltr'><strong>promittimus,</strong></span> <span class='ocrx_word' id='word_1_257' title='bbox 3016 4677 3141 4743; x_wconf 88' lang='lat' dir='ltr'><strong>sub</strong></span> 
     </span>
     <span class='ocr_line' id='line_1_42' title="bbox 1133 4778 3144 4869; baseline -0.002 -21"><span class='ocrx_word' id='word_1_258' title='bbox 1133 4780 1456 4869; x_wconf 81' lang='lat' dir='ltr'><strong>ypotheca</strong></span> <span class='ocrx_word' id='word_1_259' title='bbox 1484 4801 1699 4846; x_wconf 86' lang='lat' dir='ltr'><strong>rerum</strong></span> <span class='ocrx_word' id='word_1_260' title='bbox 1729 4782 2100 4845; x_wconf 86' lang='lat' dir='ltr'><strong>nostrarum</strong></span> <span class='ocrx_word' id='word_1_261' title='bbox 2128 4783 2198 4843; x_wconf 88' lang='lat' dir='ltr'><strong>et</strong></span> <span class='ocrx_word' id='word_1_262' title='bbox 2226 4778 2609 4862; x_wconf 84' lang='lat' dir='ltr'><strong>exponimus</strong></span> <span class='ocrx_word' id='word_1_263' title='bbox 2638 4780 2997 4846; x_wconf 79' lang='lat' dir='ltr'><strong>cauciones.</strong></span> <span class='ocrx_word' id='word_1_264' title='bbox 3064 4780 3144 4845; x_wconf 91' lang='lat' dir='ltr'><strong>In</strong></span> 
     </span>
     <span class='ocr_line' id='line_1_43' title="bbox 1136 4881 3145 4969; baseline 0 -18"><span class='ocrx_word' id='word_1_265' title='bbox 1136 4886 1324 4952; x_wconf 89' lang='lat' dir='ltr'><strong>cuius</strong></span> <span class='ocrx_word' id='word_1_266' title='bbox 1353 4885 1447 4951; x_wconf 89' lang='lat' dir='ltr'><strong>rei</strong></span> <span class='ocrx_word' id='word_1_267' title='bbox 1477 4884 1931 4951; x_wconf 88' lang='lat' dir='ltr'><strong>testimonium</strong></span> <span class='ocrx_word' id='word_1_268' title='bbox 1955 4881 2249 4965; x_wconf 83' lang='lat' dir='ltr'><strong>sigillum</strong></span> <span class='ocrx_word' id='word_1_269' title='bbox 2271 4886 2590 4958; x_wconf 88' lang='lat' dir='ltr'><strong>nostrum,</strong></span> <span class='ocrx_word' id='word_1_270' title='bbox 2612 4886 2821 4949; x_wconf 91' lang='lat' dir='ltr'><strong>nostri</strong></span> <span class='ocrx_word' id='word_1_271' title='bbox 2847 4894 2916 4948; x_wconf 87' lang='lat' dir='ltr'><strong>et</strong></span> <span class='ocrx_word' id='word_1_272' title='bbox 2938 4882 3145 4969; x_wconf 88' lang='lat' dir='ltr'><strong>ipsius</strong></span> 
     </span>
    </p>
   </div>
   <div class='ocr_carea' id='block_1_13' title="bbox 3670 5386 3685 5948">
    <p class='ocr_par' dir='ltr' id='par_1_13' title="bbox 3670 5386 3685 5948">
     <span class='ocr_line' id='line_1_44' title="bbox 3670 5386 3685 5948; baseline 0 0"><span class='ocrx_word' id='word_1_273' title='bbox 3670 5386 3685 5948; x_wconf 95' lang='lat' dir='ltr'><strong> </strong></span> 
     </span>
    </p>
   </div>
  </div>
 </body>
</html>
