3731 6032
733 1580 968 1632 CCXXX
975 1581 1036 1630 V.

2116 963 2241 1028 286

1162 1121 1412 1208 Vigilia
1443 1123 1712 1204 Pasche,
1739 1147 1917 1194 anno
1958 1129 2147 1215 regni
2191 1128 2391 1214 Regis
2436 1127 2769 1206 Edwardi‚
2804 1128 2929 1193 filii
2976 1128 3177 1216 Regis

1163 1226 1320 1291 Edw
1332 1227 1499 1304 ardi,
1529 1234 1764 1297 octavo
1793 1230 2063 1297 decimo,

1161 1554 1516 1642 Scriptum
1557 1555 1836 1622 amini
1876 1555 2201 1624 willalmi
2240 1555 2321 1620 aa
2350 1555 2572 1633 Βοεω,
2598 1555 2877 1622 domim:
2906 1555 3175 1626 Rotam·

1551 1667 1634 1732 aa
1676 1669 1856 1735 Αιηε
1896 1667 1979 1735 <10
2020 1675 2223 1755 prato
2264 1667 2348 1734 aa
2397 1667 2783 1735 Todzntom.

729 1847 867 1898 will.
891 1848 956 1897 de
979 1849 1136 1898 Βοωο
1248 1825 1596 1892 Universis
1629 1825 1881 1893 Christi
1910 1827 2219 1894 fidelibus
2248 1826 2337 1893 ad
2380 1848 2545 1913 quos
2590 1829 3017 1912 pervenerint
3058 1829 3181 1896 hec

731 1913 832 1962 and
885 1912 1016 1964 Rob.
1067 1913 1136 1963 de

731 1978 1138 2028 Mne-amda-

1159 1931 1424 2016 scriptm
1485 1930 1857 1996 Willelmus
1918 1931 2001 1997 de
2058 1931 2267 1998 Bosco
2328 1937 2399 1997 et
2459 1931 2791 1998 Robertns
2851 1932 2932 1998 de
2990 1933 3181 2010 AJne,

730 2043 868 2094 their
911 2044 1042 2093 leuse
1081 2045 1138 2094 of
1161 2033 1460 2100 Salutem
1491 2035 1564 2100 in
1594 2035 1882 2101 Domino
1912 2035 2419 2122 Sempiternam.
2486 2035 2767 2101 Noverit
2784 2037 3180 2102 universitas

731 2109 822 2158 the
853 2109 1080 2158 meadow

729 2175 812 2224 for
869 2175 928 2223 14
985 2189 1133 2237 Νη
1159 2141 1402 2216 vestra,
1432 2137 1608 2224 quod
1655 2137 1962 2204 dominus
2008 2139 2340 2206 Iohannes
2380 2139 2461 2204 de
2506 2138 2799 2216 Sudleia,
2843 2139 2949 2204 die
2995 2138 3177 2205 Iovis

729 2240 862 2288 ΜΦ
918 2239 1132 2289 candle·
1157 2242 1462 2325 proxima
1511 2245 1663 2326 post
1713 2241 1965 2308 festum
2018 2241 2513 2308 Purificacionis
2567 2243 2772 2308 Beate
2824 2243 3060 2322 Marie,
3112 2249 3181 2308 et

729 2320 854 2361 mas,
884 2305 1028 2356 1318.

1157 2363 1334 2409 anno
1379 2344 1568 2430 regni
1619 2343 1824 2431 Regis
1878 2344 2216 2422 Edwardi‚
2259 2345 2383 2410 filii
2435 2344 2637 2431 Regis
2682 2345 3015 2424 Edwardi‚
3059 2368 3179 2411 un-

1158 2446 1430 2525 decimo,
1457 2448 1648 2514 nobis
1670 2449 2078 2526 concesserit,
2098 2469 2177 2515 ac
2198 2449 2285 2514 ad
2307 2449 2564 2515 firmam
2590 2449 2936 2526 dimiserit,
2958 2454 3176 2515 totum

1157 2556 1424 2637 pratum
1454 2573 1649 2617 suum
1680 2553 1901 2620 iacens
1948 2553 2125 2618 inter
2168 2552 2564 2638 Todyntone
2596 2558 2665 2618 et
2696 2554 3179 2638 Wormyntone

1156 2656 1230 2719 in
1259 2657 1552 2723 manerio
1574 2656 1656 2721 de
1679 2656 1976 2736 Sudleie,
1997 2656 2175 2742 quod
2198 2657 2497 2722 continet
2516 2657 2959 2743 quadraginta
2979 2677 3181 2734 acras,

1157 2779 1308 2824 cnm
1369 2758 1674 2825 omnibus
1750 2761 1889 2826 suis
1966 2761 2391 2846 pertinenciis
2466 2765 2535 2826 et
2585 2760 3183 2837 commoditatibus,

1157 2861 1543 2928 Tenendum
1603 2862 1796 2928 nobis
1851 2867 1922 2929 et
1979 2863 2333 2930 heredibus
2376 2865 2622 2929 nostris
2682 2864 2769 2929 ad
2820 2865 3174 2929 terminum

1158 2965 1654 3053 quatuordecim
1686 2987 2013 3033 annorum
2033 2968 2332 3055 proxime
2350 2969 2769 3054 sequentium
2796 2973 2865 3034 et
2887 2967 3179 3055 plenarie

1157 3070 1649 3158 completorum.
1741 3070 1905 3150 Nos,
1935 3071 2096 3137 dicti
2129 3070 2501 3137 Willelmus
2533 3079 2603 3138 et
2646 3072 2997 3150 Robertus‚
3027 3096 3177 3140 con·

1157 3174 1450 3241 cedimus
1479 3196 1600 3260 pro
1629 3174 1820 3240 nobis
1849 3180 1920 3240 et
1962 3174 2313 3240 heredibus
2356 3177 2603 3241 nostris
2646 3180 2865 3242 totum
2910 3183 3175 3262 pratum

1157 3278 1528 3366 predictum
1557 3300 1708 3344 cum
1737 3278 2046 3343 omnibus
2074 3278 2211 3343 suis
2256 3279 2683 3365 pertinenciis
2714 3285 2784 3344 et
2824 3278 3177 3345 commodi-

1159 3382 1414 3447 tatibus
1444 3382 1710 3447 domino
1740 3382 1992 3447 Abbati
2022 3380 2562 3467 Wynchecumbe
2617 3387 2687 3447 et
2728 3382 3021 3447 eiusdem
3051 3381 3178 3449 loci

1161 3485 1540 3552 Conventui
1568 3490 1639 3551 et
1667 3486 1806 3551 suis
1851 3484 2331 3552 successoribus
2373 3505 2494 3570 per
2544 3489 2763 3551 totum
2818 3487 3177 3552 terminum

1158 3588 1654 3675 quatuordecim
1727 3609 2056 3654 annorum
2133 3587 2426 3673 plenarie
2482 3587 2956 3675 completorum
2978 3626 3065 3639 —
3081 3590 3183 3656 ita

1159 3694 1336 3779 quod
1364 3714 1487 3759 nec
1515 3714 1652 3769 nos,
1681 3713 1897 3778 neque
1926 3690 2203 3757 heredae
2234 3692 2467 3769 nostri,
2488 3714 2611 3759 nec
2639 3692 2883 3779 aliquis
2912 3694 3179 3760 nomine

1156 3802 1400 3875 nostr0,
1428 3797 1502 3862 in
1545 3798 1723 3863 dicto
1767 3801 1977 3882 prat0,
2018 3795 2300 3861 durante
2345 3796 2631 3862 termino
2678 3797 3176 3881 quatuordecim

1157 3922 1501 3976 annorum,
1559 3904 1639 3964 ut
1697 3902 1799 3965 est
1851 3898 2123 3977 dictum,
2179 3897 2436 3985 aliquid
2492 3898 2860 3985 proficuum
2920 3900 3179 3987 exigere

1159 4005 1518 4091 poterimus
1547 4024 1669 4070 nec
1697 4002 2083 4082 vendicare;
2125 4006 2230 4069 set
2256 4002 2345 4068 ab
2383 4003 2558 4069 omni
2606 4003 2868 4069 actione
2912 4005 3178 4089 penitus

1160 4106 1599 4175 excludamur.
1689 4108 1781 4173 Et
1807 4107 1898 4171 ad
1936 4106 2252 4172 maiorem
2294 4105 2718 4171 securitatem
2750 4111 2820 4171 et
2848 4105 3049 4173 huius
3080 4109 3177 4174 rei

1159 4210 1582 4288 evidenciam,
1604 4210 1925 4296 scriptum
1957 4210 2208 4275 domini
2236 4208 2553 4275 Iohannis
2576 4210 2659 4274 de
2690 4209 2958 4277 Sudleie
2986 4211 3175 4277 nobis

1159 4315 1315 4380 inde
1345 4314 1619 4392 factum,
1641 4318 1710 4379 et
1741 4314 2077 4380 licentiam
2106 4313 2358 4399 regiam
2381 4334 2578 4399 super
2609 4311 2790 4379 dicta
2812 4314 3175 4380 tradicione

1161 4419 1249 4484 ad
1278 4418 1658 4495 terminum,
1689 4417 2021 4495 videlicet,
2053 4414 2550 4502 quatuordecim
2602 4437 2945 4494 annorum,
2988 4416 3181 4484 nobis

1161 4524 1531 4600 liberatam,
1581 4522 1711 4588 sibi
1759 4520 2042 4587 fecimus
2092 4520 2379 4587 liberari.
2490 4521 2573 4585 In
2616 4522 2803 4587 cuius
2843 4521 2939 4587 rei
2991 4522 3179 4587 testi·
3230 4546 3244 4562 ·

1162 4629 1476 4706 monium,
1549 4626 1770 4713 sigilla
1845 4629 2072 4692 nostra
2144 4624 2561 4709 presentibus
2634 4630 2795 4690 sunt
2867 4646 3177 4711 appensa.

1161 4732 1415 4796 Datum
1474 4730 1652 4817 apud
1710 4727 2339 4814 Wynchecumbam,
2398 4729 2507 4794 die
2567 4728 2797 4795 Sancti
2857 4729 3179 4808 Barnabe,

1163 4834 1460 4922 Apostoli
1486 4856 1504 4910 3
1548 4853 1724 4899 anno
1753 4833 1940 4919 regni
1971 4832 2173 4919 Regis
2202 4832 2517 4899 Edwardi
2546 4832 2941 4920 supradicto,
