3731 6032
2149 25 2152 27 ,
2183 23 2542 30 ,ή.,..-,.Ἦ--
2557 23 3251 35 ——n—-w—w——n-a-——q--s—-awae--w
3277 25 3298 30 —
3322 23 3348 29 a*

1602 995 1718 1056 115

641 1152 926 1231 quatuor
955 1149 1303 1217 deneratas
1347 1151 1646 1217 redditus
1675 1173 1824 1218 cum
1855 1153 2279 1239 pertinenciis
2322 1153 2389 1215 in
2436 1151 2655 1233 Throp
2684 1167 2779 1214 192.
2800 1162 2879 1214 4d.
2896 1161 3080 1212 reatin

641 1251 834 1317 iuxta
866 1252 1397 1338 Wynchecumbe
1442 1255 1599 1321 dare
1644 1257 1854 1342 possit
1900 1261 1970 1322 et
2015 1258 2345 1340 assignare
2395 1253 2655 1341 prefato
2681 1231 2866 1292 Throp.

643 1354 896 1420 Abbati
968 1362 1038 1422 et
1097 1357 1466 1424 Conventui
1525 1361 1812 1425 eiusdem
1876 1360 2040 1439 loci;
2114 1359 2512 1424 Habendum
2586 1363 2656 1424 et

642 1459 1004 1526 tenendum
1033 1461 1160 1526 sibi
1205 1468 1276 1527 et
1317 1463 1793 1529 successoribus
1825 1464 1983 1540 eius,
2012 1464 2541 1550 imperpetuum3
2586 1467 2655 1526 et

641 1561 887 1628 eisdem
921 1565 1169 1632 Abbati
1199 1572 1269 1632 et
1322 1565 1460 1632 Con
1471 1568 1719 1644 ventui,
1748 1567 1927 1653 quod
1970 1568 2099 1654 ipsi
2146 1567 2477 1632 redditum
2507 1587 2653 1652 pre-

639 1665 891 1731 dictum
921 1689 964 1733 a
991 1669 1243 1755 prefato
1297 1669 1594 1735 Iohanne
1645 1666 1929 1757 recipere
1981 1671 2238 1757 possint
2290 1675 2359 1735 et
2412 1674 2654 1745 tenere,

640 1770 815 1836 sicut
886 1772 1258 1857 predictum
1335 1781 1452 1849 est,
1526 1780 1753 1839 tenore
1828 1775 2259 1860 presencium,
2336 1773 2657 1849 similiter,

641 1873 981 1940 licenciam
1001 1875 1299 1942 dedimus
1319 1877 1687 1963 specialem.
1764 1877 1831 1942 N
1834 1877 2085 1943 olentes
2116 1877 2293 1962 quod
2323 1877 2656 1963 predictus

641 1973 968 2044 Iohannes
1041 1979 1148 2044 vel
1223 1979 1492 2045 heredes
1564 1981 1692 2060 sui,
1764 1987 1887 2048 aut
1960 1981 2240 2067 predicti
2314 1981 2533 2045 Abbas
2594 1989 2660 2046 et

645 2079 1030 2148 Conventus
1058 2089 1176 2148 aut
1205 2105 1602 2150 successores
1631 2085 1754 2161 sui,
1783 2086 2039 2151 ratione
2072 2084 2329 2150 Statuti
2360 2084 2657 2170 predicti,

642 2207 760 2272 per
818 2207 938 2251 nos
1011 2187 1117 2252 vel
1178 2186 1450 2252 heredes
1510 2192 1769 2253 nostros
1833 2188 1988 2254 inde
2048 2189 2542 2254 occasionentur
2584 2189 2656 2252 in

641 2289 868 2374 aliquo
940 2311 1054 2355 seu
1129 2301 1508 2376 graventur.
1629 2291 1869 2368 Salvis,
1942 2297 2184 2367 tamen,
2270 2290 2661 2375 capitalibus

647 2391 933 2458 dominis
965 2393 1146 2459 feodi
1178 2394 1359 2458 illius
1389 2396 1687 2460 serviciis
1731 2394 1886 2460 inde
1916 2394 2158 2460 debitis
2202 2400 2271 2460 et
2314 2395 2659 2460 consuetis.

646 2495 732 2560 In
783 2497 969 2562 cuius
1029 2497 1120 2561 rei
1179 2499 1632 2563 testimonium
1692 2498 1812 2563 has
1873 2499 2131 2564 litteras
2203 2502 2461 2564 nostras
2522 2497 2663 2563 fieri

642 2599 924 2666 fecimus
945 2605 1267 2686 patentes.
1298 2600 1491 2666 Teste
1507 2601 1758 2687 Meipso
1775 2601 1957 2688 apud
1971 2600 2629 2666 westmonasterium
2651 2625 2666 2678 ;

645 2703 956 2769 vicesimo
985 2713 1176 2768 sexto
1228 2703 1334 2769 die
1391 2704 1638 2780 Marcii,
1667 2725 1843 2770 anno
1889 2705 2073 2790 regni
2112 2705 2319 2770 nostri
2350 2704 2659 2769 vicesimo

647 2811 904 2872 octavo,

692 2985 1146 3069 Conftmnacio
1201 2987 1404 3073 Reqis
1455 2987 1535 3055 de
1585 2994 1770 3055 terra
1823 2987 2122 3056 Homini
2172 2989 2251 3056 de
2316 2988 2493 3056 Gotes
2561 2995 2621 3056 et
2691 3006 2824 3057 LVI.

1111 3090 1452 3159 Iohannis
1499 3091 1646 3157 G'ole
1691 3092 1771 3157 de
1818 3093 2206 3178 Twenynye.

737 3214 1121 3299 Edwardus,
1200 3220 1328 3286 Dei
1404 3220 1656 3297 Gracia,
1751 3221 1894 3287 Rex
1992 3222 2253 3308 Anglie,
2339 3222 2663 3286 Dominus
2692 3239 2753 3289 34
2798 3238 3010 3285 Edward
3046 3237 3085 3287 1.

657 3324 971 3389 Hibernie
1023 3328 1093 3389 et
1145 3324 1303 3388 Dux
1358 3325 1735 3409 Aquitanie,
1777 3325 2121 3401 OmnibuS,
2167 3325 2247 3391 ad
2305 3347 2467 3411 quos
2518 3347 2663 3411 pre·
2693 3309 2719 3353 ¹
2748 3303 3034 3352 Feb.1306.

649 3436 866 3493 sentes
925 3428 1147 3494 littere
1207 3429 1652 3514 pervenerint,
1707 3428 2019 3501 Salutem.
2111 3430 2294 3495 Licet
2354 3430 2435 3494 de
2494 3450 2666 3495 com·

655 3532 842 3595 muni
867 3530 1139 3597 consilio
1169 3532 1356 3615 regni
1388 3532 1598 3596 nostri
1628 3532 2072 3609 statuerimus,
2102 3532 2278 3618 quod
2309 3554 2440 3596 non
2470 3532 2668 3597 liceat

653 3634 830 3699 Viris
863 3633 1265 3720 [Religiosis]
1295 3655 1412 3699 seu
1441 3634 1608 3712 aliis,
1637 3635 1894 3721 ingredi
1938 3635 2209 3701 feodum
2239 3636 2539 3711 alicuine,
2569 3636 2666 3699 ita

651 3737 828 3824 quod
901 3738 987 3802 ad
1063 3759 1330 3802 manum
1410 3744 1738 3803 mortuam
1800 3738 2125 3815 deveniat,
2186 3740 2324 3804 sine
2391 3739 2663 3805 licencia

651 3848 878 3908 nostra
924 3847 993 3907 et
1043 3842 1346 3927 capitalis
1401 3842 1670 3919 domini,
1700 3843 1782 3907 de
1814 3864 1946 3929 quo
1988 3864 2093 3907 res
2137 3843 2255 3908 illa
2284 3842 2663 3907 immediate

651 3951 1122 4031 tenetur—per
1180 3946 1403 4022 finem,
1457 3956 1698 4021 tamen,
1746 3967 1941 4031 quem
2003 3946 2281 4012 dilectus
2334 3945 2547 4010 Nobis
2592 3946 2659 4010 in

653 4049 936 4125 Christo,
996 4049 1214 4113 Abbas
1293 4049 1373 4113 de
1435 4047 1971 4133 Wynchecumbe
2047 4049 2205 4115 fecit
2285 4048 2663 4127 Nobiscum,

650 4173 867 4218 coram
899 4153 1156 4218 dilectis
1188 4151 1437 4217 clericis
1492 4151 1750 4228 nostris,
1783 4152 2108 4217 Willelmo
2157 4152 2238 4216 de
2291 4152 2663 4232 Hamilton,

651 4257 1055 4323 Cancellario
1127 4256 1395 4333 Nostro,
1469 4262 1537 4320 et
1611 4254 1904 4321 Iohanne
1979 4256 2060 4321 de
2150 4255 2665 4339 Drokenesford,
2692 4270 2759 4319 fo.
2787 4272 2867 4321 99.

651 4364 922 4426 tenente
997 4358 1210 4425 locum
1286 4358 1702 4423 Thesaurarii
1776 4358 2029 4436 Nostri,
2103 4362 2535 4425 concessimus
2603 4368 2669 4424 et
2700 4358 2906 4409 Licence
2940 4366 2995 4408 to

654 4464 987 4530 licentiam
1063 4462 1362 4527 dedimus
1423 4484 1539 4547 pro
1599 4462 1805 4528 Nobis
1865 4470 1936 4528 et
2005 4462 2355 4527 heredibus
2414 4463 2675 4553 nostrie,
2697 4425 3091 4555 ss‘gffiegffissyd

653 4574 978 4654 quantum
1009 4566 1080 4631 in
1125 4566 1337 4632 Nobis
1383 4570 1504 4645 est,
1551 4566 1832 4631 Iohanni
1886 4564 2045 4633 Cole
2087 4567 2169 4631 de
2216 4566 2671 4652 Teukesbury,
2698 4557 3094 4670 &offlttzthe

657 4672 834 4758 quod
877 4672 1019 4757 ipse
1071 4692 1270 4735 unam
1327 4672 1653 4756 virgatam
1707 4676 1879 4735 terre
1933 4692 2081 4735 cum
2132 4672 2551 4756 pertinenciis
2600 4672 2672 4734 in
2697 4685 2943 4763 yarfllgnd
2976 4687 3029 4735 in

657 4776 1037 4861 Twenynge
1087 4778 1276 4838 iuxta
1328 4774 1800 4861 Teukesbury;
1863 4778 1935 4839 et
1994 4774 2277 4840 Henrico
2330 4773 2411 4840 de
2472 4774 2671 4841 Cotes
2696 4750 3097 4879 {omffigssyass‘}

656 4882 848 4943 iuxta
898 4877 1427 4964 Wynchecumbe
1473 4878 1648 4962 quod
1697 4880 1835 4964 ipse
1882 4899 2090 4943 unum
2144 4879 2551 4964 mesuagium
2605 4888 2670 4943 et
2698 4878 2848 4929 Cotes
2874 4888 2927 4929 to
2948 4887 3097 4944 grant

785 4966 862 5053 Q2
