3731 6032
1510 1006 1589 1067 57

529 1161 616 1222 et
673 1159 1403 1244 petente—Discretum
1444 1160 1702 1237 Virum,
1744 1159 2146 1247 Magistrum
2187 1156 2548 1224 Ricardum

550 1258 873 1345 Drayton,
906 1264 979 1327 in
1022 1263 1200 1330 dicta
1260 1263 1462 1330 Curia
1508 1268 1577 1329 et
1621 1262 2069 1351 predictorum
2119 1261 2367 1327 domini
2411 1260 2547 1325 Ab·

515 1358 521 1367 ’
548 1361 723 1428 batis
743 1370 813 1429 et
831 1364 1232 1446 Conventus,
1249 1367 1737 1454 principalium,
1765 1367 1839 1431 in
1861 1372 2243 1452 prenarrata
2259 1366 2552 1430 commis·

545 1466 731 1531 sione
760 1469 1212 1557 principaliter
1255 1471 1765 1545 nominatorum,
1809 1469 2316 1543 Procuratorem,
2339 1474 2554 1554 prout,

548 1571 773 1649 eciam,
847 1573 929 1639 de
993 1574 1201 1661 ipsius
1271 1574 1759 1640 Procuracionis
1828 1572 2144 1639 mandato
2208 1570 2555 1637 constabat

549 1678 751 1759 atque
796 1682 1056 1743 constat
1108 1699 1228 1765 per
1276 1678 1571 1763 legitima
1611 1677 2020 1754 documenta,
2063 1675 2152 1742 ad
2203 1674 2554 1742 dicendum

542 1782 619 1843 et
661 1780 1122 1865 opponendum
1154 1782 1499 1867 quicquam
1532 1781 1747 1847 dicere
1794 1802 1913 1845 seu
1958 1800 2288 1866 opponere
2319 1777 2552 1855 voluit,

552 1881 753 1947 verbo
785 1884 888 1948 vel
918 1884 989 1949 in
1018 1886 1279 1971 scripto,
1308 1891 1537 1951 contra
1581 1882 2127 1951 Commissionem
2173 1882 2554 1968 predictam,

552 1985 762 2064 nobis,
825 1994 900 2051 ut
976 1988 1402 2073 premittitur,
1457 1987 1727 2065 factam,
1785 2008 1904 2074 per
1977 1995 2225 2052 certum
2302 1984 2554 2050 domini

552 2090 761 2153 nostri
792 2089 966 2177 Pape
998 2090 1337 2157 Cursorem
1379 2091 1571 2157 citari
1614 2090 2096 2167 mandavimus,
2139 2110 2217 2155 ac
2259 2088 2555 2167 fecimus,

535 2190 637 2255 -ad
668 2198 917 2257 certum
948 2194 1459 2281 peremptorium
1490 2194 1849 2260 terminum
1883 2197 2380 2280 competentem.
2471 2190 2557 2255 In

552 2316 683 2379 quo
729 2296 991 2380 quidem
1057 2298 1339 2362 termino
1398 2297 1767 2383 comparuit
1826 2297 1898 2361 in
1957 2295 2200 2362 iudicio
2259 2294 2554 2380 legitime

534 2420 765 2465 <eoram
817 2400 1024 2477 nobis,
1064 2400 1381 2485 Magister
1424 2399 1747 2465 Ricardus
1792 2398 2118 2485 Drayton,
2163 2398 2555 2463 Procurator

552 2504 907 2589 predictus,
963 2504 1409 2590 procuratorio
1469 2504 1751 2579 nomine,
1804 2525 1936 2586 quo
1994 2523 2212 2588 supra,
2269 2502 2555 2567 termino

552 2607 929 2672 huiusmodi
1029 2627 1148 2692 pro
1248 2611 1432 2692 parte
1532 2627 1655 2671 sua
1752 2605 2236 2682 satisfaciendo,
2337 2604 2554 2681 verb0,

547 2711 945 2795 generaliter
1002 2711 1370 2788 dumtaxat,
1431 2715 1661 2776 contra
1722 2708 2264 2776 Commissionem
2322 2728 2552 2794 supra·-

552 2815 813 2891 dictam,
842 2814 1047 2891 nobiS,
1074 2818 1155 2879 ut
1184 2814 1612 2896 premittitur,
1640 2812 1910 2893 factam,
1937 2814 2212 2898 excepit.
2272 2811 2551 2889 Deinde,
2645 2806 2717 2855 At
2761 2806 2852 2855 ΨΘ
2905 2805 2982 2855 in-

550 2917 636 2981 ad
696 2916 940 3003 prefati
1012 2916 1307 3001 Magistri
1381 2915 1651 2981 Ricardi
1716 2916 2031 2999 Drayton,
2103 2914 2550 2980 Procuratoris
2576 2871 2986 3011 &gagg-3⁸

552 3021 849 3106 predicti,
898 3021 1347 3107 procuratorio
1390 3021 1675 3097 nomine,
1718 3041 1850 3106 quo
1894 3040 2114 3106 supra,
2143 3019 2554 3096 instanciam,
2579 3002 2781 3129 ἓξὲξ
2801 3015 2988 3116 ζξξζὲ

556 3125 947 3210 Magistrum
1062 3122 1427 3188 Iohannem
1542 3123 1860 3201 Scrivain,
1937 3123 2299 3188 exadverso
2397 3121 2553 3187 Pro·
2579 3131 2770 3181 receive
2791 3147 2822 3180 a
2845 3145 2986 3181 aum·

536 3232 920 3291 -curatorem
977 3225 1447 3313 supradictum,
1496 3225 1585 3290 ad
1641 3225 1934 3290 dandum
1981 3231 2050 3291 et
2092 3225 2554 3309 recipiendum,
2578 3197 2847 3324 ffiffigg
2889 3196 2988 3310 ἔξω

550 3329 825 3414 darique
868 3333 938 3394 et
979 3329 1182 3415 recipi
1232 3327 1613 3405 videndum,
1657 3329 1952 3394 libellum
1999 3351 2116 3394 seu
2159 3329 2552 3415 peticionem
2581 3341 2761 3390 prayer
2781 3326 2838 3376 0f
2865 3325 2987 3376 each

548 3432 974 3496 summariam
1048 3433 1121 3495 in
1193 3431 1317 3498 hac
1390 3453 1600 3509 causa,
1675 3432 1865 3498 citari
1956 3432 2414 3497 mandavimus
2486 3437 2555 3496 et
2577 3397 2743 3456 Μ’

554 3535 847 3612 fecimus„
876 3557 995 3621 per
1024 3541 1273 3600 certum
1305 3535 1555 3600 domini
1584 3535 1810 3601 Nostri
1846 3536 2024 3622 Pape
2069 3535 2429 3612 Cursorem,
2470 3534 2558 3600 ad

534 3644 795 3705 -certam
855 3640 1361 3726 peremptoriam
1414 3638 1587 3703 diem
1642 3645 2142 3725 competentem,
2168 3660 2366 3723 quam
2428 3639 2554 3724 ipsi

552 3743 872 3830 Magistro
915 3743 1331 3809 Procuratori
1393 3742 1649 3829 petenti
1693 3744 2006 3809 duximus
2051 3749 2212 3810 tunc
2254 3745 2336 3809 ad
2375 3745 2552 3810 idem

548 3845 1034 3933 assignandum.
1146 3844 1230 3910 In
1310 3867 1463 3931 qua,
1542 3846 1888 3930 siquidem,
1978 3847 2085 3912 die
2170 3869 2548 3933 comparens
2574 3855 2806 3922 Drayton
2865 3873 2949 3920 ap-

548 3949 621 4014 in
670 3948 912 4015 iudicio
963 3968 1181 4014 coram
1232 3948 1423 4014 nobis
1471 3947 1791 4034 Magister
1838 3949 2158 4016 Ricardus
2225 3951 2549 4035 Drayton,
2572 3939 2732 3988 ΡΜ·

551 4051 941 4118 Procurator
970 4051 1320 4138 predictus,
1362 4054 1805 4138 procuratorio
1834 4055 2119 4133 nomine,
2161 4074 2291 4139 quo
2334 4075 2550 4141 supra,

548 4156 839 4241 dictique
884 4155 1190 4240 Magistri
1256 4155 1572 4221 Iohannis
1620 4155 1945 4235 scrinis-1,
1989 4157 2338 4223 exadverso
2392 4158 2550 4224 Pro-

549 4259 887 4337 curatoris,
914 4279 1048 4322 non
1077 4259 1533 4345 comparentiS,
1576 4280 1695 4325 nec
1737 4259 2021 4345 aliquem
2067 4260 2362 4326 libellum
2406 4263 2549 4327 sive
2572 4284 2798 4336 Scrivain
2861 4287 2916 4337 in

545 4363 938 4449 peticionem
968 4362 1392 4428 summariam
1421 4361 1493 4425 in
1522 4360 1647 4428 hac
1676 4383 1874 4428 causa
1905 4363 2050 4428 dari
2092 4386 2209 4429 seu
2254 4365 2549 4431 exhiberi
2573 4351 2782 4402 detault.

548 4465 771 4531 videre
801 4465 1111 4541 curantis,
1139 4465 1621 4530 contumaciam
1650 4487 1964 4532 accusans
2009 4467 2154 4553 ipsu
2162 4489 2355 4554 mque
2399 4489 2547 4534 con-

546 4574 873 4635 tumacem
903 4567 1196 4655 reputari
1218 4571 1466 4653 petens,
1487 4569 1559 4632 in
1584 4569 1725 4633 eius
1748 4571 2241 4647 contumaciam,
2263 4573 2546 4639 termino

545 4671 925 4738 huiusmodi
989 4692 1109 4758 pro
1202 4675 1393 4757 parte
1464 4692 1587 4736 sua
1656 4673 2144 4754 satisfaciendo,
2216 4675 2541 4760 quendam
2569 4643 2835 4763 Εἱῖξξοζς,
2856 4661 2978 4761 {⁸1¹1}-

542 4773 840 4840 libellum
868 4774 1009 4840 sive
1050 4774 1459 4861 peticionem,
1488 4774 1689 4842 verbo
1733 4776 2084 4855 duntaxat,
2124 4777 2432 4844 exhibuit
2474 4785 2543 4845 et
2566 4777 2708 4838 gatio
2733 4793 2766 4826 n
2812 4777 2914 4825 and

543 4878 883 4965 produxit,
942 4898 1221 4964 eumque
1282 4877 1425 4945 loco
1483 4883 1553 4945 et
1609 4883 1904 4966 tempore
1960 4885 2328 4968 opportuno
2387 4883 2542 4949 dare
2565 4857 2802 4971 lv'ssssssll'y,

744 4985 777 5040 1
