3731 6032
1933 964 2061 1022 lxx.

847 1111 1026 1201 Hugo
1051 1123 1126 1183 de
1156 1123 1453 1183 Culunces
1481 1123 1558 1184 de
1587 1125 1932 1185 Ennestane
2036 1157 2059 1169 -

846 1220 1022 1297 Hugo
1047 1220 1122 1278 de
1153 1220 1454 1281 Culunces
1480 1221 1556 1280 de
1585 1222 1930 1282 Ennestane
2032 1257 2053 1266 -

839 1317 1137 1377 Robertus
1163 1318 1324 1377 filius
1350 1318 1604 1378 Walteri
1631 1319 1979 1379 Ennestane
2032 1353 2053 1362 -
2380 1353 2401 1362 —

841 1405 1024 1476 Caria
1052 1412 1358 1497 [Simonis]
1388 1417 1462 1476 de
1491 1417 1792 1478 Oulunces
1817 1418 1893 1477 de
1924 1419 2267 1477 Ennestane
2381 1452 2400 1461 -

837 1515 1102 1573 Iohanne
1131 1514 1430 1575 Culunces
1456 1515 1532 1575 de
1561 1516 1904 1576 Ennestane
2028 1550 2049 1559 —

830 1613 1017 1671 Carta
1047 1612 1356 1673 Leuknore
1383 1615 1666 1674 dominus
1707 1615 1784 1674 de
1815 1614 2166 1693 Heththrop

838 1709 1158 1786 Inquisicio
1185 1711 1260 1771 de
1287 1711 1724 1773 Ghadelintone
2028 1747 2043 1755 -

828 1808 1016 1868 Carta.
1045 1809 1208 1868 Petri
1237 1810 1538 1886 Gigatoris
1563 1810 1640 1869 de
1669 1810 1969 1870 Radeford
2032 1843 2053 1852 -

829 1906 1168 1965 willelmus
1193 1907 1268 1966 de
1299 1908 1586 1985 Digelega
1611 1908 1686 1966 de
1716 1907 2015 1966 Radeford

829 2003 1014 2064 Carta
1043 2005 1259 2082 Roget-i
1287 2007 1362 2065 de
1391 2005 1831 2066 Bradenestone

985 2200 1224 2260 Abbate
1319 2235 1340 2243 -
1665 2235 1686 2244 -

821 2298 1161 2357 Willelmus
1188 2299 1447 2377 Taylard
1475 2299 1594 2359 de'
1577 2301 1681 2358 1iii.
1713 2299 1912 2358 hidis
1896 2319 1959 2358 m
1989 2299 2449 2376 Gadelingwelle

822 2395 1159 2455 willelmus
1185 2396 1242 2455 le
1270 2396 1701 2474 Eskyrmesure
1729 2397 1806 2456 de
1833 2397 2293 2474 Gadelingwelle
2361 2429 2382 2439 -

819 2494 1003 2552 Alard
1032 2494 1320 2554 Banastre
1350 2495 1690 2554 Vicecomes
1719 2495 1943 2554 Oxonie
1970 2495 2045 2553 de
2072 2494 2372 2553 Willelmo
2399 2495 2657 2573 Taylard
2700 2528 2719 2537 -

821 2592 1024 2650 Abbas
1052 2593 1126 2652 de
1155 2593 1404 2652 Oseneia
1431 2612 1540 2670 pro
1571 2592 1875 2652 Willelmo
1904 2593 2141 2651 Tailard
2364 2627 2383 2635 -

821 2691 1024 2749 Abbas
1053 2690 1128 2750 de
1157 2691 1532 2768 Egneshame
1560 2709 1668 2768 pro
1695 2689 1997 2749 Willelmo
2026 2691 2265 2748 Tailard
2354 2725 2373 2733 -

823 2789 913 2847 Ue
943 2797 1104 2847 terra
1130 2790 1194 2847 in
1222 2788 1684 2866 Gadelingwelle
2362 2824 2375 2832 -

811 2887 998 2945 Carta
1025 2886 1242 2962 Rogeri
1269 2886 1345 2945 de
1373 2887 1636 2946 Gardino
1655 2885 1731 2946 de
1752 2886 2019 2964 Gliveley
2038 2886 2113 2945 de
2134 2887 2233 2945 xii.
2252 2887 2510 2946 denariis
2530 2888 2717 2945 annui

976 2985 1248 3045 redditus
1310 3019 1331 3028 ·
2353 3020 2372 3029 -

817 3082 1106 3141 Remissio
1171 3084 1374 3159 quiete
1455 3083 1778 3142 clemencie
1861 3083 2100 3141 Iordani
2182 3083 2258 3142 de
2339 3083 2563 3143 Clivele
2644 3084 2719 3142 de

977 3188 1322 3240 tenemento
1362 3190 1426 3241 et
1467 3181 1710 3240 redditu
1755 3188 1818 3239 et
1863 3181 1997 3240 aliis
2039 3182 2101 3239 in
2146 3182 2353 3240 eadem
2395 3185 2457 3240 in
2498 3182 2717 3258 quibus

993 3279 1275 3339 clamium
1309 3281 1592 3357 apposuit
1659 3313 1680 3322 -

810 3377 1148 3436 willelmus
1174 3377 1644 3436 molendinarius
1671 3377 1744 3435 de
1774 3376 2044 3455 Cliveley

803 3474 1286 3552 chirographum
1315 3476 1474 3534 inter
1507 3476 1804 3533 Abbabem
1834 3482 1898 3533 et
1934 3474 2315 3534 conventum
2345 3484 2407 3534 et.
2450 3474 2713 3533 Edmun·

967 3572 1117 3631 dum
1155 3572 1546 3631 fullonarium
1573 3572 1649 3632 de
1676 3571 1915 3630 duobus
1946 3572 2299 3631 molendinis
2344 3575 2405 3629 in
2434 3572 2716 3631 Cliveleia

800 3670 989 3730 Carta
1029 3669 1314 3729 Willelmi
1355 3670 1460 3728 filii
1506 3669 1813 3729 Eustachii
1863 3668 1939 3727 de
1989 3670 2329 3729 molendino
2370 3678 2433 3729 et
2480 3671 2714 3746 virgata

965 3773 1123 3825 terre
1151 3766 1312 3843 apud
1346 3766 1666 3844 Clyveleye
1841 3762 1848 3779 “’
2346 3800 2363 3808 -

801 3863 1004 3941 Agnes
1033 3864 1368 3940 Dungeden
1395 3864 1471 3923 de
1501 3864 1819 3943 Clyveleye

805 3962 877 4017 W
884 3960 1143 4020 illelmus
1172 3961 1246 4020 de
1275 3961 1543 4039 Oliveley
1650 3996 1671 4005 -

801 4057 988 4117 Carta
1033 4059 1108 4117 de
1156 4067 1417 4136 quatuor
1469 4060 1622 4118 acris
1677 4068 1832 4119 terre
1890 4077 2039 4135 quas
2087 4059 2365 4118 dominus
2415 4058 2709 4117 Iohannes

967 4156 1172 4216 Abbas
1200 4159 1348 4216 emit
1374 4157 1535 4234 apud
1567 4158 1877 4216 Ennestan
1904 4157 1979 4216 de
2009 4156 2311 4216 Willelmo
2352 4149 2718 4233 Dungeden-

2727 1159 2747 1168 -
2830 1126 2981 1184 cxiii.

2725 1257 2744 1264 —
2828 1225 2977 1282 cxiv.

2724 1353 2745 1363 -
2826 1339 2955 1379 cxv.

2724 1452 2744 1465 ·
2826 1420 2974 1478 cxvi

2718 1551 2737 1559 -
2822 1519 2991 1576 cxvii.

2718 1649 2739 1658 -
2822 1616 3014 1674 cxviii.

2716 1745 2735 1754 —
2818 1713 2964 1771 cxix.

2721 1843 2741 1852 -
2824 1829 2951 1868 cxx.

2712 1941 2733 1950 -
2812 1909 2959 1966 cxxi

2712 2039 2733 2048 -
2814 2007 2981 2066 cxxii.

830 2102 1169 2162 Convencio
1213 2103 1461 2162 Roberti
1509 2103 1584 2162 de
1634 2103 1980 2162 Leukenore
2027 2123 2166 2163 cum
2214 2102 2455 2162 domino
2506 2103 2735 2162 Thomu.

2707 2237 2727 2246 -
2808 2203 2997 2261 cxxiii.

2708 2333 2727 2342 -
2810 2302 3001 2358 cxxiv.

2706 2431 2726 2439 -
2807 2415 2975 2457 cxxv.

2801 2496 2988 2553 cxxvi.

2708 2627 2727 2635 -
2811 2613 2916 2652 cxx
2924 2595 3017 2653 vii.

2702 2724 2719 2732 ·
2799 2693 3025 2750 cxxviii.

2702 2821 2723 2830 ·
2805 2791 2987 2848 cxxix.

2700 3018 2718 3029 ·
2798 3004 2960 3045 0111.

2694 3313 2715 3322 -
2795 3283 2980 3339 cxxxi.

2685 3412 2704 3419 -
2787 3379 2994 3437 cxxxii.

2797 3572 3024 3631 cxxxiii.

2688 3799 2708 3808 -
2790 3766 3012 3825 cxxxiv.

2690 3896 2711 3905 ·
2791 3882 2993 3921 cxxxv.

2692 3993 2705 4001 ·
2787 3965 3011 4020 cxxxvi.

2799 4158 3046 4216 cxxxvii.

806 4256 895 4314 De
922 4255 1161 4314 duabus
1187 4255 1346 4314 hidis
1385 4256 1448 4312 in
1477 4254 1738 4314 Clivelea
1765 4264 1975 4314 contra
2010 4253 2376 4313 willelmum
2414 4254 2719 4314 Blandum
2799 4256 3069 4314 cxxxviii.

797 4354 1134 4412 Willelmus
1164 4352 1418 4411 Blundel
1457 4354 1533 4412 de
1563 4354 1830 4432 Cliveley

787 4450 978 4509 Carta
1006 4450 1292 4509 Willelmi
1323 4450 1657 4527 Dungeden
1685 4452 1760 4511 de
1792 4451 2103 4511 Ennestan

794 4550 983 4607 Carta
1012 4549 1288 4608 Emmote
1330 4549 1405 4607 de
1438 4548 1703 4627 Cliveley

804 4648 989 4705 Carta
1016 4646 1300 4705 Iohannis
1327 4647 1434 4704 filii
1465 4646 1680 4723 Rogeri
1707 4646 1782 4705 de
1809 4646 2079 4725 Cliveley

803 4746 992 4803 Carta
1019 4744 1266 4803 Roberti
1301 4745 1376 4803 de
1404 4744 1670 4823 Cliveley

807 4842 994 4901 Curta.
1021 4842 1150 4901 Elie
1177 4842 1358 4901 fuller
1383 4841 1458 4903 de
1493 4842 1756 4920 Oliveley

2688 4388 2709 4397 -
2791 4355 3012 4415 cxxxix.

2686 4484 2709 4493 -
2790 4452 2900 4510 cxl.

2693 4582 2711 4591 —
2794 4549 2924 4608 cxli.

2691 4681 2711 4689 -
2793 4648 2943 4706 cxlii.

2684 4780 2703 4787 -
2785 4745 2959 4805 cxliii.

2690 4876 2711 4885 ·
2793 4843 2966 4903 cxliv.
