3731 6032
1390 984 1518 1052 47⁷

436 1156 607 1222 aliis.
700 1155 876 1221 Data
903 1154 1080 1242 apud
1105 1151 1305 1222 Cotes
1334 1155 1528 1220 iuxta
1549 1151 2096 1240 Wynchecombe,
2114 1151 2243 1218 Die
2276 1151 2459 1219 Iovis

448 1260 748 1345 proxima
791 1271 940 1346 post
983 1258 1452 1325 Invencionem
1497 1257 1739 1324 Sancte
1785 1257 2039 1335 Crucis,
2067 1278 2243 1324 anno
2273 1259 2462 1344 regni

449 1363 650 1450 Regis
681 1361 1014 1442 Edwardi‚
1043 1361 1166 1426 filii
1197 1361 1398 1448 Regis
1443 1360 1775 1440 Edwardi,
1806 1361 2077 1427 decimo,

630 1561 840 1628 Carta
882 1561 962 1626 de
1005 1561 1332 1630 undecim
1376 1561 1584 1630 battis
1628 1571 1688 1630 et
1731 1584 1887 1630 una
1930 1564 2161 1643 forem
2204 1561 2292 1628 in
2498 1569 2817 1622 cccomn.

1107 1666 1795 1754 Luttlewelleforlony.

543 1779 775 1845 Sciant
802 1785 1138 1866 presentes
1169 1784 1238 1846 et
1265 1780 1499 1858 futuri,
1528 1780 1706 1867 quod
1751 1803 1873 1868 ego
1904 1779 2170 1859 Editha,
2193 1801 2321 1866 que
2366 1776 2469 1842 fui
2499 1791 2560 1838 25
2585 1788 2725 1850 July,
2752 1785 2896 1838 1317.

458 1904 627 1948 uxor
641 1883 955 1948 Willelmi
979 1884 1040 1949 le
1065 1883 1313 1950 Ferour
1337 1884 1417 1949 de
1427 1883 1622 1950 Cotes
1640 1883 2472 1970 iuxtaWynchecumbam‚
2498 1853 2901 1980 ἒὲᾗζδοέζωι,

460 1987 531 2051 in
563 2009 730 2073 pura
763 1989 1088 2054 viduitate
1119 1992 1188 2053 et
1231 1988 1390 2075 ligia
1433 1994 1762 2074 potestate
1795 2011 1957 2066 mea,
1987 1989 2157 2066 dedi,
2186 1987 2471 2054 concessi
2499 1982 2909 2099 Ϊιῃξῡέθωῑὲωᾶᾶ

455 2095 529 2156 et
556 2089 682 2156 hac
713 2093 1001 2175 presenti
1045 2096 1230 2158 carta
1271 2113 1420 2158 mea
1463 2092 1849 2158 confirmavi
1880 2091 2148 2158 domino
2181 2091 2473 2156 Roberto
2500 2086 2767 2170 ffigglwn,
2807 2115 2868 2162 11

461 2193 545 2259 de
574 2196 763 2272 Alne,
787 2196 1050 2261 Rectori
1074 2195 1362 2262 Ecclesie
1392 2195 1474 2261 de
1498 2196 1882 2271 Haseltone,
1913 2195 2215 2261 undecim
2249 2197 2474 2259 buttas
2499 2178 2897 2306 ξζῖἷὲἐξιξέἶιθ·

460 2303 636 2364 terre
677 2299 946 2364 arabilis
991 2320 1140 2364 cum
1186 2299 1404 2364 forera
1445 2300 1804 2378 adiacente,
1861 2321 1990 2386 que
2034 2301 2256 2366 iacent
2297 2300 2478 2365 inter
2502 2310 2630 2360 with
2673 2325 2706 2360 a
2756 2307 2911 2358 head·

461 2407 708 2467 terram
727 2402 1142 2468 dominorum
1164 2402 1442 2468 Abbatis
1461 2411 1528 2468 et
1541 2400 1928 2469 Conventus
1944 2401 2477 2488 Wynchecumbe
2502 2374 2811 2503 ξζξῇἕξῑζῗ

459 2504 532 2569 in
557 2506 972 2592 cultura,que
1000 2511 1272 2572 vocatur
1293 2505 2092 2594 “Lutlewellefourlong,'’
2115 2507 2478 2572 Habendas
2505 2508 2655 2570 along
2689 2505 2839 2554 Pate·

456 2611 531 2670 et
562 2605 878 2670 tenendas
907 2605 1236 2692 predictas
1265 2605 1572 2670 undecim
1606 2604 1835 2670 buttas
1880 2628 2031 2670 cum
2077 2605 2297 2671 forera
2325 2627 2471 2690 pre·
2507 2571 2861 2686 ῗᾷζξὴοᾜζῖιζ.

466 2707 660 2786 dicta,
708 2731 836 2793 que
881 2708 1149 2794 quidem
1198 2707 1418 2773 forero.
1461 2730 1532 2774 se
1579 2708 1887 2774 extendit
1938 2709 2011 2773 in
2064 2709 2481 2794 longitudine
2510 2703 2690 2754 ''⁸¹³⁸-

467 2813 652 2877 iuxta
685 2814 879 2889 viam,
909 2835 1037 2898 que
1068 2812 1253 2879 ducit
1291 2813 1372 2877 de
1403 2813 1842 2878 Patecoumbe
1890 2835 2117 2878 versus
2154 2812 2482 2898 Wynche·

467 2916 765 2982 combam
826 2937 975 2981 cum
1034 2917 1173 2981 suis
1231 2917 1657 3003 pertinenciis
1717 2918 2014 3002 predicto
2065 2917 2358 2982 Roberto
2419 2923 2487 2981 et

469 3021 820 3106 assignatis
851 3021 988 3086 suis
1019 3020 1101 3085 de
1144 3021 1542 3108 capitalibus
1589 3021 1874 3086 dominis
1918 3021 2099 3087 feodi
2145 3021 2325 3087 illius
2368 3042 2488 3107 per

468 3126 749 3189 servicia
767 3124 922 3189 inde
941 3124 1168 3190 debita
1187 3136 1254 3190 et
1277 3130 1606 3190 consueta.
1675 3124 1765 3189 Et
1787 3146 1907 3209 ego
1926 3124 2175 3190 Editba
2193 3125 2491 3211 predicta

473 3233 542 3293 et
587 3228 858 3293 heredes
903 3228 1032 3293 mei
1077 3228 1406 3314 predictas
1452 3229 1755 3294 undecim
1802 3228 2033 3293 buttas
2086 3233 2156 3293 et
2202 3230 2491 3293 foreram

471 3354 622 3399 cum
646 3332 952 3397 omnibus
969 3333 1108 3397 suis
1130 3332 1557 3418 pertinenciis
1581 3331 1880 3418 predicto
1906 3331 2171 3397 domino
2202 3330 2492 3397 Roberto

474 3439 544 3500 et
561 3435 913 3521 assignatis
930 3435 1067 3499 suis
1086 3440 1315 3500 contra
1332 3457 1557 3499 omnes
1581 3435 1892 3500 mortales
1912 3436 2493 3501 warantizabimus

475 3542 546 3602 et
575 3539 1062 3624 imperpetuum
1093 3537 1542 3603 defendemus.
1632 3538 1724 3603 Et
1765 3543 1844 3603 ut
1876 3540 1993 3604 hec
2025 3560 2170 3603 mea
2202 3540 2497 3607 donacio,

474 3642 800 3707 concessio
847 3663 923 3707 ac
970 3641 1295 3727 presentis
1347 3648 1528 3706 carte
1581 3664 1726 3707 mee
1773 3642 2190 3708 confirmacio
2235 3649 2378 3709 rate
2425 3650 2494 3708 et

473 3746 744 3810 stabiles
764 3751 1197 3831 permaneant
1215 3745 1285 3808 in
1305 3749 1606 3809 eternum
1628 3749 1997 3830 presentem
2018 3750 2267 3810 cartam
2290 3745 2494 3831 sigilli

481 3849 610 3913 mei
685 3850 1112 3935 impressione
1174 3848 1496 3914 roboravi.
1615 3848 1768 3912 Hiis
1822 3848 2105 3913 testibus
2120 3872 2141 3933 3
2218 3848 2499 3914 Ricardo

486 3950 752 4037 Dastyn
812 3951 894 4016 de
947 3952 1194 4028 Grete3
1262 3951 1548 4016 Roberto
1603 3950 1684 4014 de
1735 3951 2047 4017 Wottone
2093 3952 2173 4018 de
2233 3953 2501 4034 eadem3

483 4054 766 4121 Ricardo
811 4054 1148 4141 Bleobury
1191 4055 1273 4121 de
1317 4054 1492 4141 bury
1524 4054 1606 4119 de
1637 4054 2203 4140 Wyncbecombe3
2248 4056 2502 4124 Thoma

483 4157 564 4223 de
595 4159 952 4238 Grettone3
995 4159 1290 4224 Iohanne
1335 4158 1798 4245 Bracebrugge
1844 4158 1927 4224 de
1976 4160 2203 4225 eadem
2234 4166 2303 4227 et
2333 4161 2501 4228 aliis.

481 4260 658 4326 Data
685 4259 862 4348 apud
895 4261 1442 4347 Wynchecombe.
1474 4261 1580 4325 die
1627 4262 1852 4327 Sancti
1902 4262 2122 4328 Iacobi
2156 4266 2457 4349 Apostoli
2485 4286 2596 4348 310.
2622 4290 2732 4339 418.

487 4385 663 4430 anno
691 4364 877 4450 regni
909 4364 1244 4444 Edwardi‚
1274 4364 1397 4429 filii
1429 4364 1629 4449 Regis
1663 4363 1993 4443 Edwardi,
2022 4366 2390 4435 undecimo.

497 4550 701 4617 Carta
732 4550 814 4617 de
855 4550 1182 4618 undecim
1212 4548 1424 4617 buttis
1452 4556 1512 4616 et
1539 4568 1696 4615 una
1711 4549 1949 4635 sorera
1978 4550 2064 4616 in
2099 4548 2503 4617 Luttlewelle
2528 4570 2837 4623 ccccmv,

1357 4652 1650 4740 forlony.

576 4774 808 4841 Sciant
836 4779 1172 4861 presentes
1203 4778 1272 4839 et
1302 4773 1541 4853 futuri,
1572 4774 1748 4859 quod
1795 4795 1917 4859 ego
1948 4772 2215 4851 Editha,
2243 4794 2373 4858 que
2402 4770 2506 4837 fui
2532 4762 2707 4825 Edsthv
2750 4762 2932 4813 widow

487 4900 659 4945 uxor
669 4878 984 4945 Willelmi
1004 4878 1066 4943 le
1085 4877 1335 4944 Ferour
1353 4877 1434 4942 de
1457 4879 1656 4944 Cotes
1678 4877 1873 4943 iuxta
1886 4876 2509 4964 Wynchecumbam,
2530 4826 2937 4947 gfftlfflfffossg
