3731 6032
2257 981 2386 1044 558

874 1162 965 1211 the
1006 1163 1163 1211 above
1218 1169 1275 1213 ιο
1299 1142 1681 1208 confirmavi
1710 1142 1980 1219 Thome,
2009 1141 2259 1207 Abbati
2307 1141 2695 1207 Monasterii
2742 1142 2946 1206 Beate
2997 1142 3198 1207 Maris
3243 1148 3308 1208 et

872 1227 1274 1348 {ssgv‘fgi’ffiffgg
1301 1245 1527 1311 Sancti
1582 1244 1891 1311 Kenelmi
1937 1244 2137 1333 Regis
2187 1249 2258 1310 et
2305 1244 2600 1310 Martiris
2645 1244 2728 1310 de
2769 1244 3308 1331 Wynchecombe‚

870 1358 1273 1422 Grevylessrhoo.
1304 1348 1589 1413 Iohanni
1650 1348 1943 1434 Grevyle
2001 1347 2222 1425 militi,
2279 1347 2532 1414 Thome
2605 1346 2960 1433 Lymeryk,
3036 1349 3308 1415 Iohanni

866 1422 1279 1549 ffiffssffukt'gf‘hn
1304 1451 1717 1520 Moumouth.
1748 1450 2034 1517 Iohanni
2063 1450 2314 1537 Wyeth
2349 1456 2419 1517 et
2461 1450 2743 1517 Ricardo
2777 1450 3067 1538 Hugyns
3095 1453 3313 1519 omnia

864 1552 1004 1668 {33¹¹
1048 1554 1271 1670 ἔοῖιῖῡτδᾰ
1298 1555 1416 1621 illa
1466 1557 1819 1641 mesnagia,
1874 1561 2084 1621 terras
2145 1558 2214 1621 et
2271 1562 2670 1633 tenementa,
2722 1560 2933 1642 prata,
2992 1564 3312 1644 pasturas,

866 1682 1096 1749 Hugyna.
1293 1658 1609 1735 redditae,
1648 1660 2058 1725 reversiones
2102 1665 2170 1725 et
2210 1660 2491 1725 servicia
2534 1680 2684 1725 cum
2729 1660 3036 1725 omnibus
3079 1682 3299 1726 eorum

1289 1763 1733 1849 pertinenciis,
1778 1784 1908 1849 que
1955 1784 2167 1848 nuper
2209 1762 2488 1829 fuerunt
2533 1762 2850 1829 Iohannis
2895 1763 3308 1830 Newentone

864 1876 936 1923 ro.
961 1877 1073 1925 495.
1289 1868 1362 1932 in
1380 1866 2109 1943 NewentoneAbbatis,
2125 1866 2575 1954 Tudyngtone
2599 1874 2668 1933 et
2689 1867 2850 1933 alibi
2874 1868 2944 1932 in
2965 1868 3300 1934 Comitatu

1290 1970 1797 2046 Gloucestrensi,
1860 1970 2186 2037 Habenda
2251 1976 2322 2037 et
2381 1971 2671 2037 tenenda
2729 1972 2952 2036 omnia
3009 1972 3304 2057 predicta

1288 2076 1644 2157 mesuagia,
1688 2081 1917 2152 terras,
1977 2080 2117 2154 etc„
2177 2080 2316 2153 etc,
2375 2073 2640 2161 prefato
2691 2074 2962 2153 Abbati,
3023 2074 3300 2140 Iohanni

1288 2178 1598 2263 Grevyle,
1616 2178 1868 2243 Thome
1891 2178 2253 2265 Lymeryk,
2274 2177 2558 2244 Iohanni
2583 2178 2997 2254 Monmouth,
3025 2178 3302 2243 Iohanni

1288 2280 1557 2368 Wyeth,
1602 2288 1671 2348 et
1723 2282 2006 2349 Ricardo
2060 2283 2368 2371 Hugyns,
2419 2283 2772 2349 heredibus
2835 2287 2905 2349 et
2955 2284 3308 2369 assignatis

1284 2386 1423 2450 suis
1481 2386 1565 2451 de
1612 2384 2030 2471 Capitalibus
2075 2385 2358 2452 dominis
2404 2387 2582 2453 feodi
2628 2387 2811 2451 illius
2863 2409 2980 2473 per
3031 2386 3308 2452 servicia

1286 2491 1441 2556 inde
1472 2490 1698 2555 debita
1728 2496 1796 2555 et
1825 2490 1909 2554 de
1931 2492 2074 2555 iure
2097 2496 2426 2567 consueta,
2449 2491 2954 2577 imperpetuum.
3045 2490 3138 2555 Et
3169 2511 3303 2576 ego,

1289 2616 1463 2673 ver0,
1492 2593 1821 2679 predictus
1846 2592 2175 2659 Robertus
2205 2600 2275 2657 et
2303 2594 2576 2659 heredes
2606 2595 2734 2659 mei
2767 2594 2990 2659 omnia
3010 2594 3306 2680 predicta

1286 2698 1642 2785 mesuagia,
1686 2704 1916 2773 terras,
1973 2701 2112 2774 etc,
2165 2704 2306 2773 etc,
2359 2696 2640 2783 prefatis
2700 2696 2973 2773 Abbati,
3023 2696 3303 2762 Iohanni

1286 2800 1593 2887 Grevyle‚
1679 2799 1932 2866 Thome
2021 2799 2416 2887 [Lymeryk]
2507 2800 2792 2865 Iohanni
2893 2800 3308 2875 Moumouth,

1286 2905 1569 2971 Iohanni
1619 2905 1865 2991 Wyeth
1928 2909 1998 2971 et
2060 2905 2341 2971 Ricardo
2404 2904 2756 2991 [Hugyns]
2819 2904 3177 2971 heredibus
3237 2914 3305 2971 et

1284 3005 1638 3093 assignatis
1691 3006 1827 3070 suis
1881 3010 2112 3070 contra
2155 3004 2487 3070 Abbatem
2536 3004 3302 3071 westmonasteriensem

1285 3109 1867 3175 warantizabimus
1931 3113 2002 3175 et
2060 3107 2509 3187 defendemus,
2569 3109 3075 3196 imperpetuum.
3215 3111 3305 3175 Et

1286 3215 1557 3301 insuper
1584 3215 1810 3280 sciatis
1844 3236 1966 3291 me,
1989 3213 2326 3299 prefatum
2353 3212 2740 3290 Robertum,
2766 3211 3018 3290 fecisse,
3048 3219 3304 3280 attorn-

1282 3340 1443 3396 asse,
1476 3317 1896 3384 constituisse
1927 3322 1996 3382 et
2026 3317 2099 3381 in
2121 3315 2262 3382 loco
2295 3337 2438 3380 meo
2469 3315 2761 3400 posuisse
2785 3315 3079 3382 Dilectos
3099 3315 3300 3383 michi

861 3433 997 3485 John
1022 3433 1255 3484 Hawkee-
1282 3424 1355 3490 in
1386 3419 1655 3488 Christo
1685 3420 2050 3486 Iohannem
2073 3417 2513 3484 Haukeslowe
2533 3423 2602 3482 et
2630 3416 2997 3483 Iohannem
3029 3417 3309 3496 Astone,

856 3499 1159 3614 fflg'l‘ffi}
1182 3570 1256 3614 at·
1284 3547 1461 3592 meos
1527 3545 1716 3590 veros
1791 3537 1859 3588 et
1919 3523 2252 3610 legitimos
2320 3526 2711 3598 attornatos,
2767 3522 3175 3587 coniunctim
3235 3529 3304 3588 et

858 3603 1195 3745 amisso,
1284 3629 1569 3706 divisim,
1600 3628 1686 3694 ad
1716 3627 2102 3694 intrandum
2148 3630 2217 3691 et
2247 3625 2717 3711 possessionem
2763 3626 3151 3711 capiendam
3186 3649 3304 3712 pro

864 3709 1259 3824 poeffiomgm
1284 3755 1391 3797 me
1420 3739 1489 3798 et
1515 3733 1785 3798 nomine
1806 3753 1952 3796 meo
1975 3731 2058 3795 de
2081 3730 2237 3795 etin
2263 3729 2566 3795 omnibus
2589 3728 2902 3816 predictis
2927 3731 3301 3817 mesuagiis,

1284 3837 1480 3901 terris
1524 3839 1594 3900 et
1636 3834 2052 3912 tenementis,
2096 3838 2258 3899 etc:
2305 3836 2390 3908 et,
2437 3836 2586 3918 post
2627 3832 3007 3899 huiusmodi
3051 3855 3304 3920 posses-

1282 3941 1531 4006 sionem
1562 3939 1657 4006 sic
1686 3944 1948 4025 captam
1969 3943 2037 4004 et
2053 3937 2373 4015 habitam,
2396 3937 2633 4002 deinde
2655 3959 2775 4024 pro
2799 3959 2903 4002 me
2927 3943 2996 4002 et
3012 3938 3308 4002 nomime

1286 4066 1432 4109 meo
1484 4044 1747 4131 plenam
1802 4050 1873 4107 et
1929 4042 2269 4129 pacificam
2330 4042 2800 4127 possessionem
2861 4045 2930 4106 et
2989 4042 3302 4107 seisinam

1285 4147 1547 4236 prefato
1621 4145 1891 4224 Abbati,
1953 4144 2234 4211 Iohanni
2309 4144 2616 4230 Grevyle,
2675 4143 2940 4221 Thome,
3013 4143 3302 4210 Iohanni

1291 4251 1707 4330 Moumouth‚
1750 4248 2036 4315 Iohanni
2068 4247 2310 4334 Wyeth
2359 4254 2427 4313 et
2475 4249 2756 4314 Ricardo
2804 4249 2910 4314 vel
2954 4271 3181 4314 eorum
3229 4250 3302 4314 in

1283 4356 1407 4422 hac
1449 4359 1637 4442 parte
1681 4354 2038 4420 attor-natis
2083 4352 2558 4430 deliberandas,
2587 4352 2946 4421 secundum
2983 4359 3304 4429 tenorem,

1282 4460 1441 4536 vim,
1485 4459 1768 4524 formam
1821 4463 1891 4522 et
1941 4455 2245 4522 effectum
2299 4456 2497 4520 huius
2545 4459 2869 4542 presentis
2908 4464 3086 4522 carte
3135 4479 3306 4535 mee,

1279 4568 1503 4629 ratum
1551 4567 1621 4628 et
1670 4565 1937 4648 gratum
1989 4559 2342 4626 habentem
2399 4565 2469 4625 et
2520 4559 2905 4625 habiturum
2959 4565 3174 4626 totum
3229 4567 3302 4626 et

1281 4666 1592 4755 quicquid
1626 4663 1903 4752 predicti
1933 4664 2255 4729 attornati
2301 4664 2453 4739 mei,
2495 4686 2640 4729 meo
2683 4665 2968 4745 nomine,
3000 4663 3296 4742 fecerint,

1278 4776 1401 4838 aut
1443 4771 1613 4836 alter
1664 4790 1891 4835 eorum
1941 4767 2176 4834 fecerit
2233 4768 2305 4832 in
2352 4768 2706 4852 premissis.
2820 4769 2902 4832 In
2953 4769 3138 4834 cuius
3197 4769 3296 4834 rei

1280 4875 1736 4941 testimonium
1781 4873 1939 4939 huic
1977 4873 2269 4959 presenti
2319 4877 2498 4938 carte
2545 4893 2687 4937 mee
2733 4872 3027 4959 sigillum
3073 4893 3300 4938 meum
