3731 6032
834 1149 1021 1210 Carta
1078 1147 1363 1207 Iohannis
1421 1147 1579 1206 Hors
1636 1145 1711 1206 de
1773 1165 1898 1206 uno
1951 1147 2258 1224 mesuagio
2305 1165 2446 1206 cum
2493 1155 2628 1207 orto
2681 1149 2744 1206 in

1004 1246 1339 1324 Hallynges
1689 1277 1711 1288 -
2379 1278 2400 1288 -

834 1345 1021 1404 Carta
1067 1343 1319 1403 Walteri
1360 1341 1701 1402 Godhurste
1740 1342 1817 1402 de
1858 1340 2318 1402 Edrichesmede
2367 1343 2431 1402 in
2482 1341 2746 1402 Chcdde·

1004 1440 1240 1504 werthe
1340 1474 1362 1484 -
2034 1473 2055 1482 -
2379 1473 2400 1484 ·

845 1539 1136 1598 Ricardus
1164 1538 1399 1596 Lutonc
1425 1536 1502 1596 de
1530 1535 1857 1596 Haseltone
2390 1571 2410 1580 -

839 1637 1159 1696 Sentencia
1196 1635 1517 1695 diffinitiva
1554 1640 1765 1693 contra
1805 1633 2124 1694 Rectorem
2169 1633 2247 1693 de
2305 1634 2633 1695 Haseltone
2674 1636 2750 1695 de

1005 1751 1128 1793 uno
1154 1732 1460 1809 capellano
1484 1730 1842 1791 inveniendo
1868 1730 2031 1809 apud
2059 1731 2441 1810 3aneworthe

840 1830 1234 1890 confirmacio
1301 1828 1603 1888 Bonefacii
1681 1828 1842 1906 Pape
1919 1829 2047 1888 viii.
2120 1847 2302 1908 super
2367 1828 2613 1888 decimis
2679 1829 2756 1888 de

1008 1926 1335 1986 Haseltone
2378 1960 2399 1968 -

848 2028 961 2085 Pro
979 2025 1289 2084 Advocato
1308 2023 1563 2082 Betunie
1577 2022 1653 2081 de
1671 2022 1998 2083 Haseltone
2000 2023 2345 2102 ,Hallynge‚
2369 2024 2758 2102 3aneworthe

1005 2123 1081 2182 dc
1108 2121 1267 2182 feodi
1292 2121 1464 2179 firma
2042 2155 2063 2164 -

848 2221 938 2280 De
963 2221 1209 2281 decimis
1234 2218 1311 2278 de
1338 2217 1715 2278 Haseltone-
2045 2255 2061 2264 ·
2387 2253 2408 2262 -

840 2319 1025 2378 Carta
1053 2317 1290 2378 Iol-dani
1323 2315 1761 2374 Brochamtona
1786 2317 1848 2374 in
1878 2315 2368 2395 Wynchecumba
2384 2351 2404 2362 ·

840 2417 1027 2476 Carta
1060 2415 1327 2492 Hugonis
1354 2413 1411 2472 le
1439 2413 1544 2472 Eir
1561 2413 1638 2472 de
1656 2414 1917 2490 quodam
1944 2421 2290 2474 tenemento
2311 2416 2373 2473 in
2398 2415 2746 2487 Hailestret,

1008 2511 1168 2590 quod
1194 2511 1469 2588 quietum
1494 2510 1781 2571 clamavit
1807 2512 1870 2569 in
1898 2519 2260 2590 perpetuum
2385 2545 2404 2554 -

840 2610 1027 2670 Carta
1056 2609 1303 2668 Roberti
1330 2606 1540 2667 Alardi
1567 2607 1643 2667 de
1672 2609 1747 2666 vi.
1776 2609 1932 2668 acris
1961 2616 2119 2668 terre

839 2707 1233 2768 Confirmacio
1284 2705 1361 2765 de
1415 2705 1757 2764 Tudintone
1811 2724 1994 2784 super
2047 2714 2215 2766 carta
2268 2707 2458 2784 patris
2516 2708 2610 2766 sui
2678 2706 2753 2766 de

1007 2806 1084 2862 vi.
1116 2804 1269 2862 acris
1298 2809 1456 2862 terre
1700 2835 1723 2846 ·
2394 2839 2410 2848 -

840 2905 1028 2963 Carta
1053 2899 1367 2978 Reginaldi
1394 2900 1470 2960 de
1499 2899 1721 2978 Heyles
1748 2899 1912 2960 facta
1931 2837 2199 2961 waltero
2221 2901 2464 2961 Motone
2492 2901 2567 2960 de
2597 2909 2760 2961 terra

1006 3019 1117 3061 sua
1143 3001 1208 3059 in
1237 2998 1605 3058 Betercstret
1688 3015 1720 3042 '-

838 3101 1027 3159 Carta
1050 3097 1179 3158 Ade
1208 3097 1313 3155 filii
1342 3098 1595 3157 Osberto
1621 3097 1871 3156 textoris
1897 3097 1974 3155 de
2000 3097 2490 3176 Wynchecumba

846 3196 1160 3257 Relaxacio
1186 3194 1316 3254 Ade
1341 3194 1449 3253 filii
1478 3194 1717 3253 Osbcrti
1744 3193 1969 3253 Abbati
1997 3194 2072 3254 dc
2100 3194 2592 3273 Wynchccumba

844 3294 1029 3353 Carta
1081 3291 1366 3351 Willelmi
1422 3291 1727 3369 Capeliani
1793 3291 1870 3351 de
1925 3290 2280 3370 Cockebury
2334 3311 2441 3370 pro
2497 3293 2756 3369 quodam

1008 3389 1314 3466 mesuagio
1340 3389 1416 3447 de
1444 3388 1739 3447 Colstrete
2047 3424 2069 3432 -

848 3488 939 3548 De
966 3494 1128 3547 terra
1155 3487 1401 3546 Roberti
1430 3485 1723 3546 Pistoris
1706 3506 1769 3545 1n
1798 3486 2096 3546 Golstrcte

848 3586 1074 3644 Thome
1102 3583 1371 3643 Smalred
1697 3618 1719 3627 -
2043 3618 2065 3628 -

848 3681 1031 3740 Carta
1060 3680 1276 3740 Basilio
1304 3680 1621 3740 Hereberti
1665 3680 1741 3740 de
1768 3680 2066 3742 Oolstrete

1008 3876 1072 3934 in
1101 3875 1160 3933 N
1162 3874 1490 3936 ort-hstrcte

842 3974 1235 4036 Confirmacio
1279 3976 1524 4037 Hem-ici
1570 3977 1647 4036 de
1694 3975 2051 4036 Brocamton
2106 3976 2182 4036 de
2237 3976 2401 4035 dicto
2451 3978 2756 4053 mesuagio

1006 4093 1146 4134 cum
1174 4074 1491 4151 curtilagio
1518 4073 1778 4133 Ecclesic
1813 4074 1891 4133 de
1919 4073 2410 4153 Wynchecumba

844 4171 1031 4231 carta
1071 4170 1375 4248 Radulphi
1420 4171 1629 4231 Ronde
1676 4172 1734 4231 le
1774 4170 2007 4231 Mei-cer
2043 4171 2119 4230 de
2148 4172 2640 4250 Wynchecumba
2679 4172 2756 4232 de

994 4269 1312 4344 mesuagio
1366 4268 1526 4327 inter
1578 4278 1801 4333 terram
1858 4268 2103 4328 Henrici
2153 4268 2354 4327 Drake
2411 4277 2476 4328 et
2530 4278 2764 4329 terram·

2737 4401 2758 4411 —
2839 4367 3016 4427 ccclv.

1010 4365 1292 4424 Willelmi
1322 4366 1490 4444 Keys
1701 4400 1722 4409 -
2047 4400 2068 4409 -

842 4462 1027 4523 Carta
1056 4463 1303 4523 Roberti
1330 4463 1406 4523 de
1424 4464 1781 4523 Diclesdona
1806 4464 1882 4523 de
1911 4471 2073 4523 terra
2101 4464 2159 4522 N
2162 4464 2377 4523 icholax
2404 4465 2480 4524 de
2511 4464 2760 4526 Brueria

1007 4561 1082 4620 de
1112 4560 1609 4638 Wynchecumba
1697 4594 1718 4603 -
2387 4596 2408 4605 -

842 4658 1030 4716 Carta
1054 4657 1131 4716 de
1158 4658 1434 4718 domibus
1462 4678 1534 4718 ex
1562 4658 1836 4737 opposito
1865 4659 2044 4719 Porte
2073 4660 2410 4720 Abbathie-

847 4756 1031 4816 Carta
1055 4757 1130 4816 de
1157 4756 1434 4816 domibus
1460 4775 1531 4816 ex
1559 4756 1830 4835 opposito
1860 4758 2039 4817 Porte
2067 4757 2411 4817 Abbathie-

843 4853 1028 4913 Carta
1058 4853 1346 4913 Baldwini
1384 4854 1462 4914 de
1491 4854 1787 4914 Stanweia
1827 4856 1891 4913 in
1921 4854 2411 4934 Wynchecumba

2723 1279 2744 1290 ·
2825 1264 3095 1306 OOOXXXV·

2726 1474 2747 1484 ·
2827 1441 3119 1500 cccxxxvi.

2733 1573 2754 1582 -
2835 1539 3152 1599 cccxxxvii.

2720 1765 2743 1776 ·
2817 1733 3152 1792 cccxxxviii.

2725 1960 2746 1969 -
2826 1927 3118 1986 cccxxxix.

2733 2155 2753 2164 -
2835 2122 3010 2181 cccxl.

2731 2253 2752 2262 -
2833 2220 3031 2279 cccxli.

2731 2351 2752 2359 -
2832 2317 3056 2377 cccxlii.

2727 2545 2748 2554 ·
2831 2512 3073 2572 cccxliii.

2727 2643 2748 2652 ·
2829 2610 3073 2669 cccxliv.

2736 2837 2757 2846 ·
2837 2804 3053 2864 cccxlv.

2736 3034 2757 3043 —
2838 2999 3076 3060 cccxlvi.

2728 3131 2746 3141 -
2829 3097 3088 3157 cccxlvii.

2729 3232 2745 3240 -
2831 3195 3112 3254 cccxlviii.

2735 3423 2756 3432 —
2837 3390 3076 3449 cccxlix.

2733 3520 2756 3530 -
2836 3487 2974 3547 cccl.

2732 3618 2753 3627 ·
2834 3584 2993 3643 cccli.

2396 3716 2416 3726 -
2737 3716 2758 3725 ·
2839 3682 3019 3741 ccclii.

842 3778 1029 3838 Carta
1043 3777 1259 3855 Rogeri
1285 3778 1361 3837 de
1383 3776 1669 3856 Bradwey
1688 3778 1765 3837 de
1790 3796 1916 3838 uno
1941 3780 2246 3856 mesuagio
2273 3798 2412 3839 cum
2438 3762 2764 3857 curtilagio'

2043 3910 2064 3919 -
2388 3911 2407 3920 -
2733 3911 2753 3921 -
2833 3876 3039 3936 cccliii.

2835 4075 3033 4134 cccliv.

2732 4600 2753 4609 -
2835 4562 3038 4623 ccclvi.

2735 4696 2755 4706 -
2838 4660 3063 4721 ccclvii.

2735 4793 2756 4801 -
2839 4758 3088 4817 ccclviii.

2735 4890 2756 4899 -
2838 4856 3034 4916 ccclix.
