3731 6032
1491 973 1620 1038 447

533 1139 722 1206 venit
751 1165 766 1204 ε
814 1161 932 1226 per
961 1139 1138 1226 quod
1183 1145 1345 1206 tunc
1373 1145 1758 1228 preceptum
1787 1139 1929 1206 fuit
1961 1137 2352 1205 Vicecomiti
2383 1137 2561 1225 quod

525 1249 796 1329 caperet
854 1244 1225 1330 predictum
1292 1241 1716 1332 mesuagium.
1763 1265 1914 1310 cum
1982 1242 2409 1330 pertinenciis
2488 1242 2559 1306 in

534 1368 808 1412 manum
857 1346 1108 1413 domini
1153 1348 1370 1434 Regia,
1415 1353 1536 1414 etc.
1625 1349 1718 1414 Et
1777 1348 1972 1425 diem,
2030 1351 2152 1412 etc.
2242 1345 2330 1410 Et
2382 1343 2559 1430 quod

529 1451 972 1516 summoniret
1023 1473 1196 1528 eum,
1247 1451 1425 1537 quod
1469 1457 1640 1517 esset
1697 1451 1808 1517 hic
1865 1452 1938 1515 in
1992 1449 2257 1516 Octavis
2309 1449 2558 1515 Sancte

535 1556 886 1622 Trinitatis
931 1561 1094 1621 ωηο
1135 1555 1439 1642 proximo
1481 1556 1838 1641 sequenti3‚
1867 1558 2007 1628 etc„
2036 1551 2122 1617 ad
2152 1573 2347 1637 quem
2382 1552 2557 1616 diem
2584 1563 2803 1629 Trinity,

528 1659 754 1726 dictus
784 1659 1161 1725 Vicecomes
1185 1657 1392 1723 nichil
1421 1657 1578 1723 inde
1605 1657 1804 1734 fecit;
1833 1678 1951 1742 per
1973 1655 2150 1741 quod
2174 1661 2353 1731 tunc,
2380 1656 2560 1721 sicut

533 1765 1128 1850 prius,preceptum
1146 1761 1180 1826 f
1184 1761 1617 1827 uitVicecomi
1626 1761 1698 1837 ti,
1708 1760 1885 1846 quod
1904 1764 2168 1846 caperet
2186 1759 2553 1844 predictum

535 1867 949 1952 mesuagium
980 1887 1130 1932 cum
1161 1865 1587 1950 pertinenciis
1632 1865 1704 1928 in
1749 1885 2020 1928 manum
2052 1862 2305 1930 domini
2337 1863 2558 1948 Regis,

535 1976 662 2036 etc,
753 1970 840 2035 Et
885 1971 1078 2046 diem,
1109 1975 1229 2035 etc.
1338 1968 1426 2034 Et
1469 1967 1648 2055 quod
1689 1967 2126 2032 summoniret
2168 1988 2339 2040 eum.
2383 1966 2559 2052 quod
2585 2010 2673 2060 All
2723 2010 2892 2070 Souna,

531 2079 710 2139 esset
737 2073 847 2140 hic
877 2075 948 2138 in
978 2073 1266 2139 crastino
1297 2073 1691 2136 Animarum
1735 2079 1899 2137 ωηο
1942 2072 2245 2157 proximo
2278 2091 2555 2154 sequen·
2586 2081 2761 2126 terme·

531 2178 734 2254 cium,
763 2182 884 2242 etc.
975 2176 1083 2240 Ad
1113 2197 1309 2260 quem
1341 2175 1516 2240 diem
1545 2174 1921 2240 Vicecomes
1950 2174 2155 2240 nichil
2185 2172 2341 2238 inde
2370 2174 2557 2238 fecit:

541 2301 658 2365 per
687 2279 867 2365 quod
897 2285 1074 2356 tunc,
1093 2280 1266 2345 sicut
1293 2279 1560 2366 pluries.
1583 2283 1967 2364 preceptum
1989 2277 2128 2341 fuit
2152 2276 2557 2354 Vicecomiti‚

535 2383 720 2466 quod
765 2391 1024 2466 caperet
1067 2383 1478 2467 mesuagium
1523 2404 1674 2447 cum
1719 2381 2143 2466 pertinenciis
2187 2381 2259 2444 in
2289 2400 2561 2445 manum

543 2486 794 2551 domini
816 2486 1030 2570 Regis,
1054 2491 1173 2550 etc.
1263 2484 1352 2550 Et
1383 2485 1577 2561 diem,
1599 2489 1718 2550 etc.
1810 2483 1900 2548 Et
1924 2484 2098 2569 quod
2127 2483 2563 2548 summoniret

534 2611 712 2666 eum,
743 2589 918 2675 quod
949 2593 1121 2654 esset
1147 2587 1258 2654 hic
1279 2587 1364 2652 ad
1393 2587 1573 2653 hunc
1595 2587 1788 2664 diem,
1805 2587 2079 2663 scilicet,
2109 2609 2150 2651 a
2179 2586 2286 2650 die
2318 2585 2561 2652 Pasche

539 2693 610 2756 in
647 2715 754 2758 xv.
784 2693 946 2770 dies,
975 2691 1061 2756 ad
1101 2690 1624 2778 respondendum
1670 2690 1967 2777 predicto
1996 2689 2264 2766 Abbati,
2294 2694 2434 2754 tam
2480 2689 2561 2755 de

540 2796 890 2882 principali
923 2795 1183 2881 placit0,
1213 2816 1409 2880 quam
1441 2795 1521 2859 de
1552 2793 1850 2881 predicta
1881 2792 2150 2858 defalta.
2241 2794 2331 2857 Et
2368 2792 2561 2858 modo
2588 2809 2662 2856 At
2695 2808 2875 2856 Emer
2901 2824 2991 2871 ap-

541 2898 730 2963 venit
761 2904 898 2964 tam
946 2898 1282 2984 predictus
1314 2897 1551 2976 Abbas,
1581 2918 1699 2983 per
1731 2896 2085 2962 Ricardum
2120 2895 2561 2980 Wellef[01·d],
2588 2873 2993 2988 {jmgh‘jffiffiss

531 3007 952 3068 attornatum
984 3024 1201 3078 suum,
1230 3023 1431 3088 quam
1463 3001 1797 3088 predictus
1832 2999 2155 3066 Ricardus
2187 2999 2268 3065 de
2300 2999 2562 3065 Norton
2586 3020 2867 3055 summona.

541 3106 611 3169 in
652 3108 917 3193 propria
959 3127 1240 3192 persona
1283 3126 1419 3183 sua,
1509 3105 1598 3171 Et
1631 3104 2009 3171 Vicecomes
2053 3108 2342 3169 testatur
2386 3103 2562 3167 diem

532 3211 891 3295 capcioniS‚
909 3216 1030 3276 etc.
1119 3211 1210 3274 Et
1228 3208 1404 3294 quod
1423 3209 1875 3285 summonivit‚
1900 3213 2023 3273 etc.
2112 3208 2203 3272 Et
2224 3207 2563 3294 predictus

535 3312 766 3378 Abbas
809 3314 1058 3399 precise
1101 3335 1170 3377 se
1215 3317 1402 3378 tenet
1445 3311 1530 3376 ad
1576 3312 1944 3398 predictam
1990 3310 2327 3387 defaltam,
2363 3331 2561 3396 quam

540 3416 873 3503 predictus
905 3416 1228 3483 Ricardus
1257 3416 1421 3482 fecit
1449 3416 1559 3482 hic
1590 3416 1662 3481 in
1692 3416 2007 3502 predictis
2031 3414 2304 3480 Octavis
2336 3414 2565 3477 Sancti

543 3520 838 3585 Hillarii.
929 3520 1018 3585 Et
1062 3520 1399 3605 predictus
1444 3519 1626 3597 dicit,
1666 3518 1843 3605 quod
1880 3518 2136 3584 defalta
2177 3517 2475 3603 predicta
2504 3516 2565 3580 ei

541 3645 774 3689 nocere
803 3646 940 3689 non
968 3624 1183 3701 debet,
1211 3624 1371 3708 quia
1400 3623 1582 3700 dicit,
1611 3622 1789 3706 quod
1832 3623 1975 3708 ipse
2018 3642 2357 3707 nunquam
2389 3641 2563 3684 sum-

544 3728 836 3793 monitus
896 3733 1041 3792 erat
1087 3726 1447 3792 secundum
1512 3726 1720 3810 legem
1782 3730 1957 3789 terre
2017 3723 2273 3789 essendi
2322 3723 2429 3788 hic
2479 3722 2567 3787 ad

542 3830 838 3916 prefatas
887 3830 1172 3895 Octavas
1216 3828 1446 3895 Sancti
1493 3828 1782 3893 Hillarii.
1873 3827 1963 3893 Et
1993 3828 2115 3893 hoc
2162 3832 2433 3913 paratus
2466 3832 2567 3890 est
2596 3854 2770 3917 wag„
2786 3854 2867 3904 his
2882 3854 2993 3917 law,

537 3932 898 3998 defendere
927 3938 1158 3998 contra
1179 3932 1399 4018 ipsum
1422 3936 1491 3995 et
1519 3936 1766 3996 sectam
1787 3952 1977 3995 suam
2002 3929 2565 4016 qualitercunque,
2590 3921 2994 4037 wgthaffmoem·

537 4046 678 4100 etc.·
756 4035 916 4101 Ideo
968 4034 1450 4101 consideratum
1498 4040 1615 4111 est,
1660 4034 1837 4120 quod
1883 4034 2109 4099 vadiat
2150 4033 2307 4098 inde
2354 4032 2559 4117 legem
2590 4002 2797 4125 {argm-

545 4160 733 4204 suam
764 4162 834 4205 se
866 4139 1252 4204 duodecima
1283 4160 1505 4214 manu,
1525 4143 1643 4204 etc
1692 4137 1898 4221 Plegii
1930 4136 2013 4201 de
2042 4136 2202 4221 lege,
2235 4135 2562 4201 Iohannes
2596 4164 2822 4228 Pledges,
2854 4162 2997 4215 John

538 4241 628 4306 de
659 4241 927 4308 Holand
972 4247 1042 4306 et
1093 4241 1425 4307 Iohannes
1455 4241 1538 4305 de
1569 4240 1919 4305 Holburne
1964 4239 2045 4303 de
2092 4238 2451 4311 Londonia‚
2484 4244 2561 4302 ut
2590 4230 2992 4345 ffghfssolffgdk'tol-

547 4348 775 4410 veniat
819 4368 968 4411 cum
1016 4346 1160 4432 lege
1189 4366 1328 4415 sua.
1351 4344 1460 4411 hic
1504 4344 1574 4408 in
1615 4344 1887 4409 Octavis
1934 4342 2163 4408 Sancti
2196 4340 2563 4417 Michaelis,
2591 4362 2735 4419 born,
2772 4360 2899 4411 both
2944 4360 2999 4411 of

540 4448 632 4512 ad
691 4448 1062 4514 faciendam
1116 4448 1274 4513 inde
1324 4447 1536 4533 legem
1583 4459 1770 4512 su'am
1829 4448 1903 4510 in
1962 4445 2228 4531 propria
2286 4465 2564 4529 persona
2598 4426 2823 4477 ¹⁴⁰¹²d⁰¹¹·

545 4574 681 4630 sua,
734 4557 854 4619 etc.
973 4551 1076 4616 Ad
1121 4572 1320 4636 quem
1371 4550 1548 4615 diem
1602 4552 1792 4615 venit
1841 4548 2179 4635 predictus
2220 4546 2452 4611 Abbas
2499 4552 2570 4612 et

547 4761 808 4848 placito,
899 4758 989 4823 Et
1033 4757 1175 4844 ipse
1223 4774 1360 4824 non
1408 4756 1593 4822 venit
1645 4760 1714 4821 et
1763 4754 2001 4821 habuit
2052 4751 2207 4819 inde
2253 4753 2447 4830 diem,
2495 4759 2572 4817 ut

545 4869 735 4951 patet
793 4884 1014 4951 supra,
1060 4860 1222 4927 Ideo
1273 4858 1760 4927 consideratum
1818 4866 1937 4935 est,
1999 4857 2178 4945 quod
2236 4857 2573 4943 predictus
