3731 6032
1415 979 1544 1045 349

469 1141 755 1209 Ecclesie
801 1165 919 1208 seu
968 1143 1236 1232 Capella
1301 1144 1386 1212 de
1441 1147 1833 1236 3aneworth,
1895 1167 2012 1232 pro
2073 1143 2489 1210 habitacione
2514 1178 2581 1230 fo.
2607 1179 2703 1230 328

468 1246 849 1312 huiusmodi
895 1246 1232 1334 Capellani
1275 1248 1362 1316 ab
1406 1251 1565 1316 olim
1609 1257 1988 1318 constructa
2032 1254 2101 1315 et
2142 1249 2488 1334 assignata,

465 1349 847 1436 sumptibus
877 1356 948 1417 et
975 1351 1276 1439 expensis
1307 1352 1472 1420 dicti
1517 1353 1834 1432 Rectoris,
1880 1353 1997 1440 qui
2043 1372 2162 1439 pro
2192 1356 2491 1438 tempore

469 1452 707 1530 fuerat,
737 1454 1090 1521 reficienda
1131 1460 1202 1521 et
1245 1457 1628 1543 reparanda,
1671 1456 1892 1549 facere¹
1932 1455 2169 1522 debeat
2214 1459 2286 1521 et
2326 1453 2489 1520 sole-

471 1559 588 1624 bat
628 1583 644 1628 ;
701 1558 816 1624 sed
869 1559 1368 1645 prenominatus
1430 1559 1756 1641 dominus,
1821 1558 2187 1634 Henricus‚'
2246 1557 2489 1624 Rector

472 1661 791 1749 prefatae,
819 1683 1060 1749 ponere
1105 1667 1173 1728 et
1203 1663 1494 1728 invenire
1523 1663 1660 1728 suis
1703 1667 1772 1728 et
1804 1661 2090 1730 Ecclesie
2120 1681 2237 1726 sue
2268 1681 2487 1746 sump-

469 1766 650 1832 tibus
705 1765 1138 1853 Capellanum
1189 1767 1262 1832 in
1311 1767 1490 1834 dicta
1549 1767 1841 1834 Ecclesia
1902 1788 2019 1832 seu
2073 1765 2355 1850 Capella,
2402 1765 2489 1831 ad

466 1868 862 1937 celebranda
912 1869 1140 1936 divina
1197 1875 1268 1937 et
1322 1871 1410 1936 ad
1467 1871 1910 1937 ministranda
1965 1873 2378 1936 sacramenta
2419 1871 2491 1934 et

465 1973 972 2040 sacramentalia
1020 1995 1098 2040 ac
1138 1975 1226 2040 ad
1274 1973 1582 2041 facienda
1623 1974 1945 2062 premissa
1993 1973 2121 2038 sub
2164 1971 2360 2038 modo
2418 1977 2489 2038 et

471 2076 690 2144 forma
706 2078 1058 2164 premissiS,
1080 2077 1164 2142 ad
1188 2077 1275 2154 id,
1299 2099 1384 2143 ex
1405 2082 1593 2164 parte
1615 2076 1944 2146 dictorum
1962 2075 2487 2142 inhabitancium

467 2188 542 2246 et
585 2201 836 2246 moram
879 2180 1288 2246 trahentium
1339 2179 1755 2246 subditorum
1801 2185 1871 2246 et
1914 2179 2289 2246 tenencium
2341 2198 2563 2300 pre-.H

468 2283 800 2350 dictorum
829 2305 1132 2370 congrue,
1161 2284 1426 2371 pluries,
1471 2283 1842 2370 requisitus,
1886 2303 2021 2350 non
2064 2283 2343 2357 curavit,
2385 2287 2487 2348 set
2512 2315 2571 2365 th
2513 2250 2905 2380 Hznssnfoffim

471 2389 684 2453 facere
727 2408 807 2452 ea
849 2408 1148 2473 expresse
1192 2388 1544 2466 recusavit,
1573 2387 2003 2464 contradixit,
2034 2391 2103 2452 et
2132 2386 2485 2463 subtraxit,
2513 2381 2703 2509 ngat-‚01-
2588 2381 2848 2496 tarthih'

470 2490 802 2578 prefatam
856 2490 1083 2557 villam
1138 2491 1606 2571 inhabitantes,
1665 2499 1746 2557 ut
1794 2491 2229 2578 premittitur,
2286 2494 2357 2556 et
2414 2489 2486 2554 in
2510 2451 2666 2560 ἔδοξ’
2610 2526 2671 2562 ve
2692 2511 2883 2576 obliga-

469 2593 697 2660 eadem
726 2615 974 2660 moram
995 2594 1332 2660 trahentes
1354 2594 1654 2662 subditos
1677 2603 1747 2662 et
1766 2601 2065 2661 tenentes
2087 2595 2488 2714 possessione
2513 2576 2588 2627 5⁰
2556 2592 2667 2628 ⁰⁰⁸·

472 2699 663 2784 quasi
693 2699 874 2776 iuris,
906 2699 988 2764 de
1018 2720 1152 2785 qua
1177 2698 1607 2783 premittitur,
1634 2698 1970 2785 spoliavit,
1988 2698 2106 2764 et
2088 2719 2261 2784 ipsos
2289 2697 2491 2785 spoli-

470 2807 616 2867 atos
647 2803 902 2868 detinet
932 2803 1195 2868 iniuste.
1285 2803 1428 2882 Que
1471 2803 1696 2869 omnia
1739 2812 1808 2869 et
1847 2801 2129 2888 singula,
2158 2807 2315 2867 ante
2345 2823 2492 2888 pre-

469 2911 724 2971 sentem
756 2907 940 2972 litem
972 2911 1238 2983 motam,
1268 2907 1540 2973 fuerunt
1583 2913 1649 2972 et
1694 2911 1856 2972 sunt
1901 2927 2075 2985 vera,
2119 2904 2393 2971 notoria·
2422 2911 2493 2971 et

472 3011 720 3076 famosa
779 3015 849 3076 et
905 3011 980 3077 in
1037 3011 1373 3098 presencia
1431 3010 1759 3078 dictorum
1833 3009 2363 3077 inhabitancium
2423 3015 2493 3075 et

472 3136 721 3181 moram
768 3114 1184 3182 trahencium
1225 3114 1642 3181 subditorum
1689 3121 1758 3182 et
1801 3114 2178 3181 tenencium
2210 3135 2329 3200 per
2357 3113 2493 3191 dic-

470 3224 619 3284 tum
663 3219 1004 3285 dominum
1050 3219 1440 3299 Henricum,
1484 3219 1830 3286 Rectorem
1877 3219 2230 3306 prefatum,
2266 3219 2489 3305 sepius

467 3322 858 3389 confessata.
944 3322 1184 3404 Quare,
1225 3322 1408 3390 facta
1449 3323 1598 3403 fide,
1645 3344 1775 3409 que
1834 3324 2197 3410 requiritur
2248 3322 2319 3387 in
2363 3322 2489 3388 hac

471 3434 679 3514 parte,
710 3428 882 3513 petit
912 3427 1130 3493 dictus
1177 3426 1595 3507 Procurator,
1637 3428 1907 3495 nomine
1950 3448 2083 3512 quo
2125 3446 2343 3512 supra,
2369 3447 2490 3513 pro

473 3532 634 3607 iure,
663 3532 774 3607 sic,
806 3536 884 3597 ut
929 3532 1353 3617 premittitur,
1402 3530 1692 3618 ponendi
1736 3542 1804 3597 et
1843 3531 2223 3596 inveniendi
2254 3537 2324 3595 et
2354 3549 2489 3595 sus-

474 3635 776 3700 tentandi
808 3655 925 3721 per
955 3633 1263 3701 Rectores
1294 3634 1469 3701 dicte
1500 3634 1786 3702 Ecclesie
1815 3634 1901 3701 de
1934 3634 2329 3728 Haseltona,
2352 3636 2492 3699 suis

471 3745 544 3805 et
587 3738 872 3805 Ecclesie
913 3759 1032 3804 sue
1074 3738 1472 3826 sumptibus,
1520 3738 1955 3827 capellanum
2012 3738 2367 3824 ydoneum,
2414 3738 2488 3803 in

467 3842 651 3910 dicta
695 3842 988 3909 Ecclesia
1030 3863 1149 3909 seu
1196 3843 1466 3930 Capella
1509 3843 1591 3909 de
1637 3842 2037 3935 3aneworth,
2080 3841 2166 3907 ad
2204 3842 2299 3909 sic
2326 3840 2491 3910 cele-

472 3946 722 4013 branda
766 3947 996 4012 divina
1037 3946 1368 4033 prefatam
1412 3946 1644 4014 villam
1691 3946 1772 4013 de
1819 3946 2202 4039 3aneworth
2231 3945 2490 4011 inhabi-

473 4052 772 4117 tantibus
824 4060 895 4116 et
945 4051 1018 4115 in
1067 4050 1296 4117 eadem
1355 4073 1606 4118 moram
1665 4050 2107 4129 trahentibus,
2165 4050 2491 4117 dictorum

475 4154 955 4241 Religiosorum
986 4153 1274 4221 subditis
1309 4159 1381 4221 et
1421 4155 1826 4233 tenentibus,
1853 4160 1925 4221 et
1965 4153 2492 4222 administranda

469 4258 718 4323 eisdem
748 4262 1159 4324 sacramenta
1196 4258 1698 4326 sacramentalia
1740 4265 1810 4325 et
1850 4257 1987 4326 alia
2012 4259 2164 4324 iura
2191 4260 2491 4345 parochi·

473 4362 608 4427 alia
663 4362 987 4438 universa,
1057 4367 1138 4428 ut
1210 4362 1561 4449 prefertur,
1635 4363 1983 4449 sepultura
2054 4362 2489 4431 ecclesiastica

469 4464 798 4531 duntaxat
826 4472 1136 4554 excepta3
1177 4466 1737 4553 Capellanumque
1763 4466 2147 4533 huiusmodi
2176 4487 2295 4552 per
2322 4466 2488 4535 Rec-

472 4574 649 4636 tores
708 4568 883 4636 dicte
943 4570 1228 4637 Ecclesie
1278 4570 1362 4635 de
1412 4569 1796 4647 Haseltona,
1837 4570 1957 4657 qui
2015 4590 2135 4657 pro
2192 4576 2487 4657 tempore

471 4673 748 4751 fuerint,
777 4673 1157 4740 huiusmodi
1199 4674 1498 4743 Rectoris
1542 4679 1614 4741 et
1655 4675 1832 4742 dicte
1877 4674 2165 4741 Ecclesie
2206 4677 2487 4763 sumpti-

476 4776 598 4842 bus
628 4776 711 4840 ad
743 4776 1136 4844 celebranda
1178 4783 1246 4844 et
1289 4778 1833 4856 administranda,
1864 4781 1945 4843 ut
1972 4778 2405 4865 premittitur,
2446 4800 2489 4847 a

471 4882 559 4956 lx.
591 4881 631 4946 l.
663 4892 728 4945 et
759 4880 849 4947 xl.
878 4882 1067 4948 annis
1095 4881 1274 4948 ultra
1300 4887 1370 4948 et
1398 4882 1582 4960 citra,
1600 4901 1642 4948 a
1663 4892 1959 4969 tempore
1984 4886 2055 4948 et
2082 4903 2201 4968 per
2223 4889 2489 4971 tempus
