3731 6032
582 1101 1067 1162 Pmcuretorium
1094 1103 1366 1164 Rectorie
1392 1103 1469 1164 de
1498 1103 1826 1164 Haceltone

586 1197 677 1258 De
702 1198 949 1258 decimis
973 1199 1049 1259 de
1078 1199 1373 1260 Hacelton
1427 1234 1449 1245 -
1774 1235 1794 1243 -
2119 1235 2140 1243 -

582 1295 885 1356 walterus
954 1297 1281 1375 Episcopus
1347 1297 1795 1376 Wygorniensis
1862 1298 1938 1357 de
2011 1297 2342 1358 Haeeltone
2428 1308 2492 1359 et

750 1395 1129 1474 ⁷,aneworthe
1783 1429 1803 1439 -
2129 1431 2140 1439 -

585 1491 973 1552 Confirmacio
1017 1493 1264 1552 Honorii

586 1589 935 1666 Hallyngee,
980 1589 1187 1668 Dogge

586 1686 933 1766 Hssllynsses,
965 1687 1171 1765 Dogge
1424 1724 1445 1734 -
1771 1722 1792 1730 -

584 1784 803 1858 Quieta.
869 1784 1195 1845 clamancia
1261 1785 1489 1846 Thome
1572 1785 1781 1862 Dogge
1863 1786 2028 1846 facta
2109 1786 2333 1845 Abbati
2415 1785 2490 1846 de

746 1881 1237 1960 Wynchecumbe.
1438 1917 1458 1925 -
1786 1916 1806 1925 -
2126 1916 2148 1926 -

586 1980 769 2040 Carta
794 1979 1086 2056 Margerie
1113 1979 1188 2039 de
1216 1979 1492 2058 Gaytone
1516 1979 1593 2040 de
1625 1979 2007 2062 3aneworthe
2124 2013 2145 2023 -

584 2077 768 2138 Carta
794 2076 1079 2136 Iohannis
1105 2077 1181 2136 de
1208 2077 1394 2155 Vei-ly
1433 2111 1454 2120 -
1780 2111 1801 2121 -

585 2176 768 2236 Carta
794 2174 1041 2235 Roberti
1070 2175 1343 2253 Gaytone
1368 2175 1447 2235 de
1475 2176 1855 2252 5aneworthe

586 2272 966 2358 3aneworthe
1090 2309 1111 2318 -
1434 2307 1456 2317 —
2129 2307 2150 2316 -

587 2373 773 2431 Carta}
798 2369 1083 2429 Willelmi
1113 2370 1369 2450 Dusyng
1400 2379 1466 2431 et
1494 2370 1739 2432 Hem-ici
1766 2371 2046 2432 Memoris
2071 2371 2147 2430 de
2188 2367 2496 2430 Edrichee-

750 2467 924 2527 mede
1436 2502 1457 2511 -
2127 2502 2144 2510 -

584 2565 767 2624 Carta
822 2565 1067 2624 Henrici
1119 2564 1196 2624 de
1251 2565 1580 2625 Gothus-ste
1635 2574 1699 2624 et
1751 2564 1940 2624 Alicie
2001 2564 2200 2624 uxoris
2255 2581 2362 2622 sue
2418 2562 2495 2624 de

752 2660 1205 2722 Edricheflmede
1429 2696 1450 2705 -
1772 2695 1793 2704 -
2119 2695 2140 2704 -

588 2761 771 2820 Carta
789 2760 1074 2818 Willelmi
1097 2760 1355 2837 Doeinge
1384 2767 1449 2820 et
1464 2759 1665 2838 Agnee
1694 2778 1844 2820 uxor
1871 2761 2000 2818 eius
2026 2758 2102 2818 de
2129 2767 2306 2836 prato
2333 2758 2492 2835 quod

753 2865 1003 2917 vocatur
1028 2857 1489 2918 Edrichesmede

589 2956 807 3031 Quieta
874 2956 1201 3014 alamannia
1252 2955 1538 3014 Willelmi
1591 2955 1697 3014 filii
1753 2955 2039 3014 willelmi
2103 2954 2365 3031 Doeinge
2419 2951 2495 3013 de

752 3052 1083 3115 Gothumte
1108 3054 1183 3113 de
1214 3052 1673 3113 Edricheemede
1776 3090 1795 3097 -

590 3152 773 3212 Carta
810 3150 1061 3210 Walteri
1103 3151 1179 3210 de
1226 3150 1555 3211 Gothumte
1603 3150 1680 3209 de
1723 3159 1900 3228 prato
1941 3148 2396 3209 Edrichesmede
2433 3149 2496 3207 in

751 3248 1131 3329 3aneworthe

590 3346 773 3407 Carta
824 3346 1232 3423 acquietancie
1286 3346 1608 3405 clamancie
1669 3344 1921 3404 Walteri
1968 3345 2044 3404 de
2100 3346 2372 3423 Gaytone
2420 3346 2496 3404 de

752 3444 907 3503 dono
934 3444 1094 3521 paris
1122 3443 1440 3502 calcarium
1484 3454 1547 3503 et
1587 3444 1715 3503 iure
1757 3451 1822 3504 et
1862 3442 2077 3503 clamio
2117 3460 2234 3519 que
2278 3442 2494 3501 habuit

752 3544 815 3601 in
843 3549 1189 3601 tenemento
1218 3541 1465 3601 Roberti
1492 3541 1567 3599 de
1595 3534 1741 3600 Sale
1757 3542 1832 3599 de
1863 3540 2191 3600 Haseltone

591 3638 1283 3716 Memorandum-quod
1315 3638 1390 3697 vi.
1422 3638 1650 3697 denarii
1677 3638 1753 3699 de
1782 3639 2004 3716 quibus
2045 3639 2276 3697 mencio
2318 3638 2387 3698 fit
2428 3640 2490 3695 in

752 3737 871 3796 ista
912 3746 1079 3796 carta
1118 3735 1499 3814 postmodum
1539 3735 1917 3796 devenerunt
1957 3735 2035 3794 ad
2083 3735 2383 3794 Abbatem
2434 3743 2498 3795 et

749 3833 1129 3894 Conventum
1170 3852 1277 3911 per
1316 3834 1696 3905 escambium,
1728 3835 1873 3910 quia.
1899 3833 2058 3891 Will.
2089 3833 2164 3892 de
2206 3832 2500 3905 Bedforde

752 3932 903 3991 obiit
928 3931 1249 3991 bastardus
1290 3940 1355 3991 et
1394 3932 1479 3992 sic
1505 3932 1709 3991 Abbae
1754 3938 1819 3990 et
1860 3931 2210 3990 Conventus
2252 3930 2498 3989 heredes

752 4031 940 4107 ipsius
968 4030 1219 4088 fuerunt
1931 4082 1934 4086 .

590 4128 773 4187 Cart-,a
799 4127 1066 4186 Gervasii
1106 4126 1181 4185 de
1222 4126 1601 4185 Beudintone
1649 4144 1830 4204 super
1873 4144 2077 4186 annuo
2117 4125 2359 4185 redditu
2395 4126 2492 4184 xii.

752 4223 1131 4282 denariorum
1437 4256 1458 4265 ·

592 4320 774 4380 Certa
814 4321 973 4399 prati
1012 4322 1173 4380 inter
1220 4319 1589 4393 3aneworthe
1638 4327 1700 4380 et
1752 4319 2083 4380 Gothumbe
2129 4320 2376 4379 Roberti
2422 4319 2498 4378 de

757 4419 1008 4478 Camere.
1097 4453 1119 4464 -
1442 4452 1462 4460 -
1786 4452 1807 4461 -

595 4518 816 4591 Quieta
839 4515 1165 4576 clemancia
1192 4515 1492 4594 Alyanore
1520 4516 1596 4574 de
1625 4516 1875 4575 Camere.

594 4616 779 4675 Carta
802 4614 1093 4673 Baldwini
1120 4614 1195 4673 de
1222 4613 1603 4693 3aneworthe
1795 4647 1816 4656 -
2140 4646 2160 4655 -

597 4714 780 4773 Certa
848 4710 1131 4770 Iohanni:
1211 4710 1287 4769 de
1355 4710 1637 4770 Pleseetie
1705 4709 1958 4770 Comitis
2027 4709 2322 4769 Warwike
2398 4728 2506 4787 pro

761 4808 1220 4869 Edrichesmede
1444 4842 1465 4851 -
1792 4840 1813 4849 —
2139 4841 2160 4850 -

2471 1139 2490 1148 -
2573 1106 2768 1164 cccxii.

2465 1236 2486 1246 -
2571 1203 2792 1262 cccxiii.

2471 1431 2491 1440 -
2571 1399 2786 1458 cccxiv.

2469 1529 2488 1537 -
2571 1513 2766 1554 cccxv.

2469 1625 2490 1634 ·
2571 1594 2786 1652 cccxvi.

2465 1723 2486 1732 -
2569 1691 2808 1750 cccxvii.

2471 1917 2492 1926 ·
2574 1885 2834 1944 cccxviii.

2470 2014 2490 2023 -
2573 1981 2782 2040 cccxix.

2474 2111 2492 2120 -
2573 2097 2766 2138 cccxx.

2473 2209 2494 2218 ·
2574 2177 2787 2236 cccxxi.

2473 2305 2494 2315 -
2575 2274 2807 2333 cccxxii.

2473 2500 2495 2509 -
2577 2468 2832 2526 cccxxiii.

2570 2661 2828 2720 cccxxiv.

2575 2874 2806 2916 CCCXXV-

2472 3085 2493 3094 -
2577 3053 2833 3112 cccxxvi.

2480 3280 2501 3289 -
2581 3246 2858 3305 cccxxvii.

2473 3574 2496 3585 -
2577 3540 2880 3600 cccxxviii.

2479 4062 2500 4071 -
2582 4028 2833 4087 cccxxix.

2475 4256 2496 4265 -
2577 4240 2804 4282 cccxxx.

2476 4450 2497 4459 -
2580 4418 2830 4475 cccxxxi.

2483 4548 2504 4557 -
2586 4515 2858 4573 cccxxxii.

2483 4646 2506 4655 -
2585 4612 2880 4672 cccxxxiii.

2483 4840 2502 4849 -
2583 4807 2876 4865 cccxxxiv.
