3731 6032
595 1158 782 1218 Carta
809 1157 984 1217 Helie
1011 1157 1088 1218 de
1115 1157 1374 1218 Foxcote
1399 1158 1475 1217 de
1503 1157 1740 1218 duabus
1765 1158 2019 1235 virgatis
2140 1192 2161 1202 -

601 1255 692 1314 De
719 1274 844 1314 una
867 1255 1011 1316 hida
1037 1255 1114 1314 de
1141 1254 1476 1314 Shirburna
2140 1289 2161 1298 ·

599 1353 782 1412 Carta
806 1352 882 1412 de
911 1351 1208 1412 Albcreda
1233 1351 1310 1412 de
1337 1371 1459 1413 una
1488 1350 1674 1412 hida
1657 1371 1720 1410 m
1749 1287 2077 1411 Sil-eburna
2136 1386 2157 1395 -

597 1451 896 1516 Radulfua
922 1451 1126 1512 Abbas
1153 1449 1229 1511 de
1255 1449 1488 1510 decima
1517 1451 1696 1510 unius
1723 1450 1862 1510 hide
1891 1451 1953 1508 in
1984 1450 2306 1510 Shirborne

598 1549 844 1608 Roberti
870 1550 947 1610 de
975 1549 1255 1610 Haseleia
1278 1549 1355 1608 de
1371 1547 1528 1636 ‚hida
1553 1549 1616 1606 in
1645 1547 1977 1608 Shirbume
2132 1581 2153 1592 ·

599 1647 882 1706 Willelmi
911 1648 1150 1708 Gomon
1176 1647 1252 1706 de
1281 1645 1530 1705 dimidia
1555 1645 1700 1704 hida
1725 1647 1789 1703 in
1827 1645 2163 1706 Shirburna

593 1743 781 1803 Carta
805 1744 882 1804 de
911 1744 1190 1804 Haseleia
1214 1744 1291 1804 de
1317 1743 1566 1802 dimidia
1592 1743 1738 1802 hida
2137 1780 2158 1789 -

600 1842 846 1902 Roberti
873 1842 950 1902 de
978 1841 1254 1902 Haseleia
1281 1841 1356 1902 de
1383 1841 1632 1900 dimidia
1655 1841 1801 1900 hida
1826 1841 1891 1899 in
1918 1841 2246 1900 Sireburna

599 1939 692 1998 Dc
717 1939 1053 1999 Sit-eburna.
1142 1939 1368 1999 Contra
1395 1939 1726 1998 Robertum
1753 1937 1830 1997 de
1859 1938 2138 1998 Haseleia

591 2039 816 2110 Quieta
843 2037 1169 2096 clamancia
1197 2035 1484 2096 Iohannis
1507 2035 1616 2094 filii
1644 2035 1957 2095 Humfridi
1991 2035 2047 2094 le
2089 2036 2391 2116 Franceys
2430 2037 2507 2096 de

759 2133 1142 2214 Scyreburna
1445 2167 1466 2176 -

597 2232 686 2291 De
715 2233 1048 2292 Hundredo
1074 2232 1150 2291 de
1183 2230 1469 2290 Slouhtre

597 2329 778 2389 Carta
805 2328 1115 2388 Humfridi
1143 2329 1220 2388 de
1248 2327 1650 2387 Schireburna
2138 2363 2158 2372 -

589 2427 814 2500 Quieta
841 2427 1170 2487 alamannia
1196 2426 1444 2485 Roberti
1469 2425 1545 2484 de
1573 2425 1634 2483 N
1636 2431 1903 2506 epercote
1930 2425 2067 2484 dci.
2091 2426 2329 2502 virgata
2351 2434 2507 2484 terre

757 2525 822 2582 in
851 2523 1230 2602 Scyrebuma

598 2622 778 2699 Hugo
844 2622 1137 2681 Pincerna
1207 2621 1685 2699 indempnitatus
1752 2629 1961 2680 nostra
2000 2616 2103 2679 de
2189 2628 2352 2680 terra
2430 2621 2507 2680 de

757 2720 1117 2797 Syrburna-

594 2815 685 2874 De
720 2815 926 2875 decem
953 2814 1157 2875 solidis
1182 2815 1258 2874 dc
1287 2813 1654 2874 Schirburna
2137 2847 2158 2856 -

589 2911 909 2972 Concessio
935 2915 1098 2972 facta
1138 2930 1246 2989 per
1273 2911 1664 2989 Radulphum
1704 2910 2007 2970 Abbatem
2047 2910 2391 2970 hominibus
2431 2912 2507 2971 de

755 3011 1135 3071 Shirburna
1119 3030 1182 3069 in
1211 3009 1586 3070 Occidentali
1610 3015 1784 3087 parte
1811 3007 2197 3069 manentibus

585 3108 905 3169 Concessio
930 3109 1095 3168 facta
1119 3126 1228 3185 per
1255 3107 1586 3167 Heni-icum
1606 3106 1908 3166 Abbatem
1928 3106 2003 3165 dc
2024 3105 2509 3184 Wynchecomba

757 3206 953 3265 Alano
979 3206 1188 3264 nativo
1213 3204 1291 3263 de
1318 3204 1558 3263 duabus
1585 3204 1836 3281 virgatis
1864 3212 2024 3264 terre
2064 3204 2129 3261 in
2172 3204 2506 3263 Shirburna

583 3304 776 3363 Carta
817 3302 1126 3362 Humfridi
1167 3302 1243 3362 de
1293 3301 1624 3361 Shirburne
1662 3301 1740 3361 de
1781 3301 1981 3360 tribus
2030 3302 2182 3360 acris
2243 3301 2505 3362 venditis

755 3400 936 3460 Petro
963 3400 1252 3459 Pincerne
1439 3436 1462 3445 -
1785 3434 1807 3442 -

585 3500 776 3558 Carta
802 3499 1044 3558 Ricardi
1073 3497 1149 3557 de
1176 3497 1334 3556 Aula
1374 3498 1449 3557 de
1478 3498 1813 3557 Shirburna

584 3596 776 3656 Carta
829 3596 1076 3655 Roberti
1131 3594 1206 3655 de
1261 3594 1542 3655 Wenrich
1595 3596 1670 3655 de
1724 3596 1990 3672 quinque
2046 3594 2251 3655 solidis
2313 3597 2502 3655 annui

753 3694 1028 3754 redditus
1095 3726 1116 3737 ·
1443 3727 1464 3736 -
1789 3726 1810 3736 -
2137 3727 2158 3735 -

584 3792 776 3851 Carta
801 3790 876 3851 de
906 3791 1176 3850 Iohanna
1202 3792 1278 3851 de
1300 3791 1623 3870 Wynriche

583 3890 818 3949 Contra
847 3889 1239 3948 Humfridum
1265 3889 1341 3949 de
1369 3888 1705 3948 Shirburna
1784 3922 1804 3931 -

591 3984 954 4047 Humfridus
979 3987 1056 4047 de
1083 3987 1417 4047 Shirburna

589 4084 886 4144 Hem-icus
961 4086 1390 4161 wigorniensis
1475 4084 1803 4163 Episcopus
1884 4102 1995 4161 pro
2080 4084 2343 4145 Ecclesic
2425 4084 2501 4145 de

751 4183 1120 4242 Shireburna
1438 4215 1459 4226 -

581 4279 771 4338 Carta
797 4279 1058 4339 Ecclesia
1085 4280 1160 4339 de
1188 4280 1556 4340 Shireburna

579 4376 913 4437 Godfridus
979 4378 1310 4456 Episcopus
1379 4374 1808 4455 wigorniensis
1885 4396 1995 4456 pro
2078 4377 2344 4437 Ecclesia
2424 4378 2501 4437 de

751 4474 1085 4535 Shirburna
1108 4494 1291 4554 super
1318 4478 1506 4536 tercia
1531 4476 1720 4553 garba
1784 4509 1806 4520 -

589 4572 870 4633 Willelmi
899 4574 1349 4651 Wygorniensis
1366 4573 1642 4651 Episcopi
1663 4573 1740 4632 de
1762 4592 1886 4633 una
1905 4574 2090 4632 hida·
2075 4593 2139 4632 in
2169 4572 2505 4634 Shiz-burna

581 4671 976 4731 Confirmacio
1003 4671 1270 4749 Capituli
1300 4670 1749 4750 Wygornicnsis
1773 4671 1851 4730 de
1880 4671 2217 4731 Shiz-burna

579 4768 974 4829 Consu-macic
1001 4769 1059 4829 S.
1093 4769 1542 4829 cantuariensis
1561 4768 2003 4913 Archiepiscopi
2030 4769 2105 4829 de
2134 4769 2398 4830 Ecclesia
2422 4770 2501 4830 de

748 4867 1084 4927 Shirburna
1435 4899 1456 4910 ·
2128 4905 2142 4912 —

2482 1193 2501 1204 ·
2586 1160 2731 1219 cciii.

2486 1289 2507 1298 -
2588 1257 2731 1316 cciv.

2484 1386 2505 1396 -
2585 1372 2707 1413 ccv.

2486 1487 2504 1497 -
2588 1452 2731 1512 ccvi.

2482 1583 2503 1592 -
2585 1551 2750 1609 ccvii.

2488 1681 2507 1690 -
2588 1649 2775 1707 ccviii.

2483 1777 2503 1788 ·
2587 1746 2727 1804 ccix.

2490 1877 2511 1886 -
2592 1862 2708 1902 ccx.

2482 1973 2503 1982 -
2584 1941 2725 2000 ccxi.

2487 2168 2506 2176 -
2588 2135 2751 2193 ccxii.

2486 2265 2507 2274 -
2588 2232 2773 2290 ccxiii.

2488 2365 2497 2372 -
2585 2329 2766 2388 ccxiv.

2484 2557 2504 2566 ·
2586 2541 2745 2582 cch.

2479 2752 2500 2762 -
2582 2721 2767 2780 ccxvi.

2584 2817 2787 2876 ccxvii.

2481 3044 2502 3053 -
2586 3012 2815 3071 ccxviii.

2588 3208 2769 3265 ccxix.

2476 3434 2497 3443 -
2580 3420 2749 3461 ccxx.

2484 3532 2505 3541 ·
2588 3500 2769 3559 ccxxi.

2482 3728 2503 3737 ·
2584 3695 2790 3753 ccxxii.

2480 3825 2501 3835 -
2583 3792 2806 3851 ccxxiii.

2476 3924 2497 3933 -
2579 3891 2799 3949 ccxxiv.

2478 4022 2498 4031 ·
2580 4006 2782 4047 ccxxv.

2474 4216 2495 4225 -
2580 4184 2800 4241 ccxxvi.

2584 4280 2825 4340 ccxxvii.

2479 4510 2499 4520 -
2582 4477 2846 4537 ccxxviii.

2586 4574 2806 4634 ccxxix.

2479 4706 2500 4715 ·
2582 4690 2779 4732 Gom.

2474 4902 2495 4911 -
2580 4868 2797 4928 ccxxxi.
