3731 6032
856 1794 1029 1843 About
1058 1794 1195 1842 1300.

855 1860 901 1908 A
941 1858 1145 1917 furlouoe
1200 1858 1255 1907 in

2233 965 2365 1030 566

1288 1133 1715 1217 presencium,
1745 1131 2061 1197 duximus
2101 1129 2736 1218 exemplificandum.
2827 1129 3061 1215 Sigillo
3106 1124 3301 1193 officii

1287 1236 1497 1301 nostri
1534 1236 1894 1301 Maioratus
1926 1235 2242 1301 Civitatis
2265 1234 2600 1301 antedicto
2622 1233 3005 1318 sigillatum.
3081 1232 3301 1318 Scrip-

1286 1350 1433 1410 tum
1464 1344 1801 1411 Londonie
1851 1346 2162 1433 predicte,
2199 1346 2510 1412 vicesimo
2553 1350 2744 1409 sexto
2788 1344 2894 1409 die
2939 1344 3304 1417 Februarii,

1283 1471 1460 1515 anno
1510 1450 1699 1536 regni
1744 1450 1947 1537 Regis
1993 1446 2305 1515 Edwardi
2351 1449 2592 1530 Quarti
2653 1453 2806 1535 post
2851 1447 3296 1533 conquestum

1286 1554 1537 1619 decimo
1576 1554 1873 1641 septimo.

1369 1797 1600 1864 Sciant
1630 1803 1966 1885 presentes
1995 1803 2064 1863 et
2093 1798 2310 1864 futuri
2342 1799 2520 1883 quod
2560 1798 2705 1885 ego¹
2793 1848 2808 1863 .
2899 1848 2912 1861 .
3004 1848 3018 1861 .
3109 1848 3124 1861 .
3215 1796 3296 1860 de

852 1923 1204 1985 fnnkalmoin,
1278 1904 1555 1969 scientia
1584 1909 1652 1967 et
1684 1902 1856 1968 bona
1896 1903 2241 1968 voluntate
2277 1902 2570 1980 Walteri,
2599 1903 2722 1969 filii
2767 1904 2915 1981 mei,
2945 1900 3117 1975 dedi,
3148 1922 3296 1965 con-

854 1990 1005 2039 Peter
1060 1990 1180 2038 Mal-

852 2054 1020 2103 bert's.
1038 2057 1053 2113 (
1062 2056 1101 2113 ἓ)

836 3675 903 3724 ro.
928 3677 1041 3725 509.

1278 2006 1441 2071 cessi
1470 2011 1541 2071 et
1584 2008 1876 2091 presenti
1906 2012 2090 2072 carta
2133 2026 2281 2071 mea
2323 2007 2704 2073 confirmavi
2735 2005 2878 2072 Deo
2908 2014 2977 2070 et
3007 2004 3294 2069 Ecclesie

1278 2110 1482 2175 Beate
1514 2110 1721 2175 Marie
1752 2115 1823 2176 et
1854 2110 2084 2177 Sancti
2118 2109 2428 2177 Kenelmi
2457 2110 3008 2198 Wynchecumbe,
3037 2131 3290 2173 necnon

1276 2218 1345 2278 et
1388 2213 1639 2278 Abbati
1687 2212 1813 2299 [et]
1862 2212 2205 2279 Monachis
2260 2215 2506 2280 ibidem
2547 2215 2689 2281 Deo
2731 2212 3180 2280 servientibus
3228 2218 3298 2274 et

1274 2318 1637 2395 servituris,
1669 2319 2181 2403 imperpetuum,
2216 2317 2541 2394 videlicet,
2571 2318 2966 2404 capitalibus
3006 2316 3291 2381 dominis

1276 2421 1438 2485 meis
1469 2421 1540 2484 in
1571 2419 1847 2485 liberam
1879 2442 2113 2507 puram
2139 2426 2208 2485 et
2233 2430 2618 2508 perpetuam
2637 2422 3056 2488 elemosinam
3077 2424 3290 2485 totam

1272 2523 1600 2588 culturam
1634 2544 1868 2600 meam,
1899 2544 2028 2610 que
2117 2572 2132 2589 .
2222 2574 2235 2589 .
2326 2575 2339 2588 .
2431 2574 2446 2589 .
2533 2524 2924 2612 appellatur,
2955 2546 3084 2607 que
3125 2523 3293 2588 iacet

1272 2649 1317 2712 p
1406 2676 1421 2691 .
1510 2678 1523 2693 .
1615 2676 1627 2692 .
1718 2678 1733 2692 .
1823 2648 1974 2692 cum
2007 2626 2256 2704 haiciis,
2284 2627 2570 2707 fossatis,
2597 2630 2839 2695 clausis
2884 2634 2954 2693 et
2982 2627 3292 2691 omnibus

1271 2730 1421 2796 aliis
1439 2732 1864 2817 pertinenciis
1885 2735 1955 2796 et
1971 2732 2396 2817 appendiciiS,
2417 2732 2819 2799 Habendum
2837 2737 2906 2797 et
2923 2730 3286 2797 tenendum

1273 2836 1602 2900 culturam
1649 2835 2034 2921 predictam,
2065 2856 2194 2921 que
2281 2886 2296 2901 .
2387 2888 2402 2903 .
2490 2886 2506 2903 .
2595 2887 2611 2904 .
2699 2836 3090 2923 appellatur,
3139 2855 3285 2899 cum

1275 2939 1581 3004 omnibus
1613 2939 1749 3003 suis
1779 2940 2206 3026 pertinenciis
2236 2944 2305 3004 et
2333 2940 2740 3028 appendiciis
2771 2940 3014 3005 eisdem
3041 2938 3287 3004 Abbati

1274 3047 1343 3108 et
1372 3043 1712 3109 Monachis
1742 3051 1809 3109 et
1840 3065 2066 3108 eorum
2111 3045 2590 3110 successoribus
2634 3047 2704 3109 in
2745 3045 3019 3110 liberam
3049 3065 3286 3130 puram

1272 3151 1341 3212 et
1370 3152 1755 3233 perpetuam
1787 3147 2231 3224 elemosinam,
2255 3154 2332 3214 ut
2360 3149 2731 3235 predictum
2755 3155 2872 3227 est,
2895 3149 3034 3212 sine
3058 3147 3292 3232 aliquo

1270 3257 1719 3316 retenemento
1751 3251 1880 3316 mei
1920 3250 2026 3314 vel
2072 3251 2388 3316 heredum
2433 3273 2746 3330 meorum,
2774 3252 3284 3338 imperpetuum.

1270 3353 1428 3439 Ego,
1460 3376 1633 3431 vero,
1679 3354 2013 3441 predictus
2061 3353 2294 3420 Petrus
2347 3359 2416 3420 et
2459 3355 2730 3420 heredes
2775 3357 2903 3420 mei
2949 3355 3280 3420 culturam

1267 3458 1648 3544 predictam,
1702 3479 1829 3543 que
1917 3509 1931 3522 .
2022 3508 2037 3523 .
2127 3509 2140 3522 .
2231 3510 2244 3522 .
2335 3459 2724 3545 appellatur,
2770 3479 2920 3524 cum
2973 3459 3285 3525 omnibus

1267 3562 1405 3626 suis
1452 3562 1878 3648 pertinenciis
1933 3561 2056 3646 [et]
2117 3561 2540 3648 appendiciis,
2593 3571 2670 3627 ut
2726 3563 3100 3650 predictum
3163 3568 3278 3640 est,

1268 3664 1514 3730 eisdem
1566 3665 1817 3731 Abbati
1872 3671 1939 3729 et
1989 3664 2330 3731 Monachis
2389 3669 2459 3729 et
2517 3687 2743 3731 eorum
2801 3665 3284 3731 successoribus

1266 3778 1495 3833 contra
1540 3790 1765 3834 omnes
1795 3772 2026 3852 gentes
2071 3769 2143 3832 in
2189 3767 2460 3832 liberam
2501 3789 2732 3854 puram
2779 3774 2848 3834 et
2887 3775 3278 3854 perpetuam

1265 3871 1687 3938 elemosinam
1734 3871 2060 3946 collatam,
2107 3870 2704 3946 warantizabimus,
2750 3872 3276 3957 acquietabimus

1232 3983 1335 4052 ,et
1364 3975 1795 4041 defendemus
1824 3976 2332 4061 imperpetuum.
2425 3975 2530 4054 Et,
2561 3977 2718 4061 quia
2749 3976 2898 4041 volo
2942 3977 3122 4060 quod
3157 3977 3282 4043 hec

1265 4099 1411 4144 mea
1442 4078 1733 4158 donacio,
1762 4079 2088 4146 concessio
2133 4084 2202 4143 et
2245 4084 2424 4144 carte
2469 4100 2611 4144 mee
2641 4079 3055 4145 confirmacio
3086 4081 3280 4146 firma

1262 4188 1332 4248 et
1373 4183 1632 4249 stabilis
1690 4189 2092 4270 permaneat,
2143 4191 2513 4270 presentem
2573 4189 2822 4250 cartam
2881 4183 3086 4269 sigilli
3145 4185 3274 4249 mei

1262 4288 1689 4374 impressione
1720 4287 2042 4366 roboravi,
2065 4288 2172 4354 cui
2193 4288 2501 4352 similiter
2524 4287 2871 4365 walterus,
2889 4289 3066 4353 filius
3089 4310 3276 4354 meus

1260 4390 1614 4477 predictuS,
1644 4391 1725 4456 de
1757 4392 1930 4458 bona
1970 4392 2316 4456 voluntate
2361 4391 2448 4456 ad
2492 4393 2798 4457 maiorem
2846 4393 3270 4458 securitatem

1260 4495 1552 4582 sigiHum
1597 4517 1793 4560 suum
1836 4497 2160 4582 apposuit.
2251 4495 2404 4560 Hiis
2449 4495 2766 4570 testibus;
2813 4495 3146 4561 Willelmo
3191 4497 3272 4560 de

1261 4598 1737 4678 Dumbeltone;
1782 4598 2012 4664 Odone
2057 4599 2139 4663 de
2184 4599 2453 4678 eadem3
2517 4598 2832 4674 Iohanne,
2877 4598 3144 4664 domino
3191 4599 3272 4663 de

1325 4799 1341 4829 ¹
1376 4800 1484 4850 The
1527 4800 1721 4861 blanks,
1768 4800 1821 4849 iu
1864 4801 2275 4850 MS.-“Peter'’
2333 4799 2540 4848 Malbert
2584 4799 2626 4847 is
2671 4799 2944 4849 associated
3000 4799 3127 4849 with
3183 4799 3276 4849 the

1256 4885 1473 4944 witness,
1499 4883 1689 4944 her-eto,
1714 4884 1743 4907 “
1764 4881 1910 4946 Huyo
1939 4881 2302 4938 1*›·em=1tevent,’¹
2329 4881 2423 4930 vol.
2446 4881 2481 4938 i,
2505 4897 2553 4944 p.
2579 4883 2657 4942 45,
2682 4897 2731 4930 n.
3273 4881 3278 4886 '
