3731 6032
1552 1040 1620 1096 11

580 1192 845 1257 irritum
908 1192 1317 1258 decernimus
1378 1198 1447 1257 et
1491 1194 1707 1271 inane,
1752 1194 1809 1257 si
1870 1215 2073 1269 secus,
2115 1214 2313 1280 super
2355 1192 2504 1269 hiis,
2555 1213 2597 1257 a

577 1316 931 1381 quoquam,
970 1299 1209 1381 quavis
1252 1298 1665 1372 auctoritate,
1710 1298 1989 1362 scientes
2036 1296 2141 1361 vel
2197 1298 2592 1383 ignoranteS,

577 1400 931 1485 contigerit
958 1402 1363 1487 attemptari.
1426 1402 1679 1475 'Tenon
1700 1422 1877 1479 vem,
1902 1400 2228 1465 dictarum
2248 1401 2590 1464 literarum

576 1504 875 1588 sequitur
904 1514 973 1569 et
1002 1510 1103 1569 est
1133 1504 1285 1569 talis
1310 1528 1413 1568 :—

664 1614 697 1640 “
724 1608 1066 1673 Universis
1116 1607 1368 1674 Christi
1428 1607 1733 1671 fidelibus
1782 1614 2010 1693 pateat
2061 1630 2181 1694 per
2231 1611 2589 1694 presentes,
2615 1608 2694 1722 ἔξ
2717 1608 2840 1657 ¹1⁸¹·-
2879 1606 3023 1661 1375.

575 1710 751 1793 quod
784 1711 941 1788 Nos,
972 1710 1317 1787 Iohannes,
1346 1711 1781 1777 Permissione
1810 1712 2078 1788 Divina,
2111 1711 2586 1776 Lincolniensis
2615 1673 2928 1787 hagag}

574 1814 955 1901 EpiscopuS,
976 1815 1299 1879 Diocesim
1324 1826 1615 1880 nostram
1642 1814 2166 1881 Lincolniensem
2186 1816 2582 1881 auctoritate
2613 1802 3024 1919 gghff'hsslffhop

574 1918 921 1994 ordinaria,
944 1918 1311 1995 actualiter,
1343 1920 1712 1997 visitantes,
1736 1913 2102 2004 Religiosos
2125 1918 2334 1997 ViroS,
2361 1918 2583 1983 Abba·
2614 1904 3022 1997 confirming’th·

572 2026 709 2087 tem
748 2026 817 2086 et
862 2021 1283 2087 Conventum
1322 2022 1701 2087 Monasterii
1738 2020 2281 2106 Wynchecombe,
2313 2022 2584 2087 Ordinis
2611 1999 3023 2115 ffiffvgxfattsseth·

572 2124 801 2190 Sancti
854 2124 1219 2202 Benedicti,
1254 2125 1757 2209 Wygorniensis
1809 2124 2177 2203 DioceseOS,
2229 2124 2586 2191 Ecclesiam
2617 2130 2822 2179 Chumh
2836 2130 2892 2178 ot

572 2226 654 2293 de
700 2228 1055 2305 Ennestan‚
1099 2228 1342 2293 Nosti-e
1388 2228 1748 2306 Dioceseos,
1805 2228 1880 2292 in
1930 2230 2228 2315 proprios
2276 2251 2431 2295 usus
2476 2232 2586 2296 ob·
2613 2194 2854 2311 ἓῃῗοω

572 2331 881 2408 tinenteS,
910 2332 997 2397 ad
1024 2333 1523 2418 proponendum
1556 2337 1623 2397 et
1653 2330 2134 2397 ostendendum
2156 2335 2258 2397 ius
2287 2335 2591 2421 speciale,

572 2435 631 2499 si
676 2436 837 2521 quid
884 2434 1218 2511 haberent,
1260 2457 1459 2521 super
1500 2436 2040 2522 appropriacione
2085 2440 2152 2527 et
2182 2439 2593 2504 assecucione

574 2538 861 2605 Ecclesie
892 2540 1206 2622 predicte,
1237 2560 1436 2624 quam
1467 2544 1716 2618 tenent,
1750 2546 1820 2603 et
1849 2540 2252 2625 possessione
2284 2541 2594 2620 eiusdem,

574 2642 871 2718 fecimUS,
900 2664 977 2707 ex
1011 2642 1241 2708 Officio
1270 2643 1531 2720 Nostr0,
1562 2664 1778 2708 coram
1810 2642 2026 2708 Nobis
2055 2642 2142 2708 ad
2174 2650 2384 2709 certos
2416 2645 2594 2711 diem

454 2754 469 2769 ⁰
575 2750 645 2811 et
684 2744 917 2823 locum,
960 2746 1135 2810 inter
1162 2746 1327 2811 alios
1367 2750 1589 2811 nostre
1634 2744 1982 2811 Dioceseos
2015 2751 2177 2811 tunc
2221 2747 2474 2827 citatos,
2507 2749 2594 2813 ad

572 2849 893 2915 iudicium
953 2850 1229 2925 evocari,
1286 2849 1425 2935 qui,
1484 2848 1845 2914 secundum
1906 2849 2191 2914 formam
2254 2850 2594 2917 citacionis

574 2952 970 3032 huiusmodi,
1025 2974 1244 3019 coram
1308 2952 1518 3018 Nobis
1580 2952 1874 3036 legitime
1933 2961 2465 3039 comparuerunt,
2518 2977 2594 3021 ac

574 3079 773 3144 super
808 3057 1346 3144 appropriacione
1392 3061 1461 3122 et
1504 3057 1908 3142 possessione
1954 3057 2240 3122 Ecclesie
2283 3060 2596 3145 predicte,

575 3173 643 3227 et
670 3163 981 3228 canonica
1019 3163 1432 3226 assecucione
1474 3161 1767 3225 eiusdem
1798 3164 1865 3225 et
1897 3162 2312 3227 ordinacione
2343 3163 2592 3229 Vicarii

574 3267 647 3330 in
694 3266 941 3341 eadem,
985 3265 1416 3340 munimenta,
1458 3264 1823 3350 privilegia,
1873 3265 2334 3342 instrumenta,
2365 3267 2590 3334 literas

574 3374 643 3435 et
701 3368 1145 3434 concessiones
1217 3367 1629 3455 principales,
1693 3372 1762 3432 et
1836 3367 2136 3453 legitima
2195 3370 2589 3437 documenta

574 3473 853 3548 diversa,
882 3472 1223 3537 libertates
1247 3477 1313 3536 et
1344 3471 1812 3549 immunitate-e,
1848 3494 1924 3536 ac
1954 3472 2100 3536 iura
2119 3494 2344 3537 eorum
2369 3475 2441 3538 in
2464 3475 2588 3540 hac

570 3582 760 3664 parte
790 3585 1286 3662 proposuerunt,
1309 3575 1777 3652 exhibuerunt,
1799 3579 1868 3640 et
1899 3575 2190 3658 legitime
2221 3577 2588 3644 docuerunt

572 3687 643 3747 et
700 3680 1173 3758 ostenderunt;
1231 3678 1471 3763 quibus
1530 3701 1647 3764 per
1707 3677 1848 3743 Nos
1901 3700 2049 3744 cum
2110 3679 2586 3747 deliberacione
2697 3702 2702 3713 ·

572 3785 735 3849 visis
782 3783 1172 3849 examinatis
1202 3786 1272 3847 et
1300 3782 1652 3867 diligenter
1695 3782 2095 3868 ponderatis,
2125 3784 2284 3868 quia
2327 3785 2585 3850 inveni-

574 3911 724 3954 mus
773 3910 893 3974 per
939 3889 1083 3974 ipsa
1134 3886 1393 3952 eosdem
1446 3885 1807 3971 Religiosos
1852 3885 2059 3960 Viros,
2105 3908 2304 3972 super
2355 3910 2592 3974 appro-

570 3994 902 4080 priacione
960 3994 1031 4055 et
1087 3989 1400 4055 canonica
1457 3989 1870 4054 assecucione
1942 3989 2116 4055 dicte
2177 3990 2461 4057 Ecclesie
2520 4001 2590 4058 et

571 4098 976 4183 possessione
1020 4093 1329 4168 eiusdem,
1358 4093 1551 4178 plene
1580 4097 1651 4157 et
1680 4091 2078 4157 sufficienter
2120 4093 2321 4159 fuisse
2353 4103 2421 4160 et
2451 4118 2588 4162 esse

571 4201 879 4273 munitos,
938 4200 1112 4284 ipsos
1186 4197 1549 4280 Religiosos
1608 4195 1820 4272 Viros,
1879 4197 1964 4260 ab
2041 4195 2271 4263 Officio
2346 4199 2587 4265 Nostro

572 4309 802 4371 contra
824 4325 935 4368 eos
965 4303 1037 4365 in
1065 4300 1191 4366 hac
1219 4307 1406 4386 parte
1433 4300 1764 4376 instituto,
1786 4298 2192 4365 absolvimus
2222 4323 2338 4387 per
2368 4303 2587 4369 decre-

570 4414 736 4488 tum,
776 4412 845 4474 et
888 4414 1113 4471 tenore
1157 4404 1568 4490 presencium
1612 4403 2013 4468 dimittimus
2057 4403 2411 4471 absolutos.
2502 4407 2586 4471 In

569 4513 755 4579 cuius
784 4513 879 4575 rei
910 4509 1384 4583 testimonium,
1414 4506 1637 4571 literas
1670 4510 1930 4570 nostras
1960 4505 2205 4572 eisdem
2237 4508 2585 4596 Religiosis

569 4616 747 4680 Viris
805 4614 949 4678 fieri
1008 4612 1285 4676 fecimus
1343 4609 1465 4674 has
1533 4613 1856 4694 patentes,
1915 4612 2126 4675 nostri
2185 4613 2584 4698 appensione

568 4720 770 4806 sigilli
793 4718 878 4782 ad
900 4720 1283 4803 perpetuam
1310 4714 1405 4778 rei
1428 4713 1808 4777 memoriam
1832 4715 2286 4780 communitas.
2333 4715 2583 4781 Datum

566 4823 747 4911 apud
819 4821 1288 4905 Lidyntonam,
1360 4817 1521 4880 xiim·
1555 4815 1662 4881 die
1736 4818 1979 4882 mensis
2061 4817 2316 4898 Marcii,
2390 4820 2583 4886 Anno

566 4926 833 4991 Domini
897 4923 1245 4988 millesimo
1319 4927 1491 4986 ecc¹¹¹⁰
1550 4923 2031 5006 septuagesimo
2104 4923 2357 5006 quinte.
2493 4923 2583 4989 Et

566 5031 811 5098 Nostre
856 5024 1379 5093 consecracionis
1421 5045 1597 5089 anno
1640 5024 1839 5090 tertio
1882 5024 2188 5091 decimo.”
