3731 6032
2260 969 2392 1032 520

892 1145 1247 1198 ccccxcw.
1643 1135 1852 1202 carta
1894 1134 2219 1202 willelmi
2250 1133 2519 1201 Athalle
2546 1133 2629 1200 da
2658 1131 3013 1220 Lydotone.

893 1278 1122 1328 william
1145 1278 1291 1328 Atte-
1409 1273 1640 1340 Sciant
1712 1277 2051 1360 presentes
2111 1277 2180 1338 et
2238 1272 2475 1346 futuri.
2536 1272 2714 1358 quod
2782 1293 2905 1358 ego
2964 1269 3351 1335 willelmus

889 1343 1292 1474 affin-gnaras
1318 1377 1660 1444 Attehalle
1705 1377 1786 1442 de
1832 1376 2198 1442 Ledestane
2230 1376 2402 1453 dedi,
2432 1367 2717 1442 concessi
2762 1381 2831 1439 et
2872 1374 2999 1440 hac
3042 1371 3341 1460 presenti

891 1475 1014 1591 ἔθη·
1099 1471 1293 1588 ἽἛἯ
1319 1486 1505 1548 carta
1575 1501 1724 1546 mea
1781 1481 2167 1547 confirmavi
2229 1479 2535 1545 Galfrido
2613 1479 2897 1555 Bedelle,
2954 1475 3343 1563 Capellan0‚

889 1554 1224 1656 Jffipssirtssn
1239 1603 1294 1653 in
1321 1585 1617 1651 Waltcro
1677 1585 1944 1671 Snappe
1994 1589 2063 1649 et
2118 1583 2403 1649 Iohanni
2456 1582 2688 1648 Pirton
2736 1583 2957 1648 omnia
3007 1587 3221 1646 terras
3274 1583 3345 1645 et

891 1670 1262 1796 ffidffgzmm
1320 1693 1702 1755 tenementa
1758 1709 1925 1764 mea,
1982 1687 2285 1753 redditus
2344 1692 2413 1753 et
2471 1687 2770 1762 servicia,
2829 1691 3039 1774 prata,
3098 1705 3345 1770 pascua

1321 1799 1391 1859 et
1419 1798 1724 1878 pasturas
1754 1813 1904 1858 cum
1946 1793 2083 1856 suis
2128 1791 2554 1877 pertinenciis
2595 1791 2668 1854 in
2699 1791 2861 1854 villa
2890 1795 2960 1854 et
2987 1790 3060 1853 in
3090 1787 3349 1873 campis

1321 1896 1404 1962 de
1435 1895 1782 1973 Ledestan,
1806 1895 2137 1962 Habenda
2167 1905 2236 1961 et
2264 1895 2554 1960 tenenda
2572 1895 2794 1960 omnia
2816 1893 3115 1981 predicta
3132 1897 3349 1957 terras

1321 2006 1392 2067 et
1413 2004 1810 2078 tenementa,
1832 2000 2133 2065 redditus
2156 2005 2225 2065 et
2254 2001 2535 2065 servicia
2563 2020 2712 2065 cum
2744 1999 2879 2064 suis
2910 1995 3340 2085 pertinenciis

1320 2105 1600 2192 prefatis
1655 2103 1983 2181 Galfrido,
2035 2103 2331 2168 Walter-o
2386 2108 2456 2167 et
2514 2102 2799 2167 Iohanni
2860 2108 2928 2166 et
2986 2099 3343 2165 heredibus

1321 2209 1476 2288 suis,
1505 2209 2013 2295 imperpetuum,
2048 2207 2130 2273 de
2171 2206 2570 2292 capitalibus
2612 2205 2896 2270 dominis
2934 2205 3115 2270 feodi
3163 2204 3341 2268 illius

1321 2334 1442 2399 per
1468 2313 1749 2378 servicia
1777 2311 1934 2377 inde
1965 2310 2193 2376 debita
2236 2315 2305 2376 et
2348 2311 2432 2376 de
2477 2311 2620 2375 iure
2665 2315 2993 2376 consueta.
3084 2309 3176 2374 Et
3206 2329 3353 2394 ego,

1323 2438 1498 2493 νει-ο,
1527 2416 1863 2503 predictus
1898 2414 2273 2479 Willelmus
2318 2419 2389 2480 et
2431 2413 2708 2478 heredes
2754 2414 2885 2478 mei
2930 2414 3156 2478 omnia
3196 2434 3349 2499 pre·

1323 2518 1502 2585 dicta
1523 2527 1732 2584 terras
1763 2524 1833 2584 et
1863 2523 2263 2596 tenementa,
2292 2516 2592 2582 redditus
2614 2523 2684 2582 et
2705 2518 3001 2594 servicia,
3024 2539 3175 2583 cum
3198 2519 3339 2582 suis

1321 2622 1747 2709 pertinenciis
1820 2621 2100 2709 prefatis
2164 2619 2485 2698 Galfrido,
2547 2619 2841 2685 Waltero
2916 2626 2985 2685 et
3059 2621 3345 2686 Iohanni

1324 2731 1394 2791 et
1451 2725 1803 2790 heredibus
1861 2729 2093 2790 contra
2153 2745 2379 2789 omnes
2446 2729 2682 2810 gentes
2742 2725 3351 2803 warantizabimus,

1324 2829 1836 2915 imperpetuum.
1932 2827 2015 2891 In
2046 2828 2232 2892 cuius
2264 2827 2357 2892 rei
2388 2827 2843 2892 testimonium
2875 2828 3032 2893 huic
3048 2831 3343 2916 presenti

1325 2937 1503 2998 carte
1563 2954 1705 2997 mee
1750 2931 2045 3018 sigillum
2108 2951 2329 2994 meum
2389 2932 2683 3019 apposui.
2790 2931 2943 2996 Hiis
3019 2933 3347 3010 testibus;

1329 3035 1661 3101 Willelmo
1739 3035 2142 3121 Wilycotes3
2215 3035 2512 3100 Iohanne
2590 3036 2990 3121 Wilycotes3
3064 3038 3355 3103 Ricardo

1329 3140 1564 3205 Mason
1637 3140 1719 3204 de
1793 3140 2137 3224 Eyneston
2174 3160 2191 3219 ;
2274 3138 2557 3205 Ricardo
2640 3138 2943 3205 Danvers
2976 3164 2991 3219 ;
3066 3140 3347 3206 Ricardo

901 3242 969 3295 ἕο·
995 3244 1106 3293 4⁶3·
1328 3242 1739 3309 Bradewalle
1783 3246 1852 3307 et
1897 3242 2065 3306 aliis,
2154 3242 2329 3307 Data
2380 3241 2557 3327 apud
2605 3241 2954 3318 Ledestan,
3004 3242 3111 3307 die
3162 3242 3346 3309 Lune

1327 3347 1634 3435 proxima
1675 3351 1826 3432 post
1865 3344 2117 3411 festum
2155 3346 2569 3411 Ascensionis
2607 3344 2902 3424 Domini,
2940 3367 3118 3411 anno
3162 3349 3351 3434 regni

1330 3452 1532 3538 Regis
1563 3449 1831 3516 Ricardi
1862 3448 2153 3515 Secundi
2184 3454 2334 3535 post
2364 3448 2821 3535 Conquestum
2851 3456 3043 3516 sexto
3071 3451 3341 3519 decimo.

905 3785 1232 3841 ccccxcv,
1335 3768 1545 3836 Carta
1596 3770 1942 3838 Iohannis
1994 3768 2280 3836 Atbroke
2332 3770 2413 3835 de
2474 3768 2805 3853 Okalford
2862 3791 2987 3856 pro
3046 3768 3347 3853 Lydston

2031 3880 2092 3939 et
2142 3872 2653 3941 Bradenestom.

903 4036 954 4085 s,
985 4032 1256 4093 Barnabas,
1423 4008 1653 4076 Sciant
1683 4017 2019 4096 presentes
2050 4016 2120 4077 et
2147 4010 2382 4089 futuri,
2414 4011 2588 4097 quod
2633 4034 2757 4098 ego
2788 4010 3137 4087 IohanneS,
3176 4010 3356 4074 filius

903 4100 1070 4216 ξξξξ,
1092 4097 1310 4213 m'lffi
1337 4112 1604 4179 sicardi
1644 4113 1987 4180 Atebroko
2031 4115 2113 4179 de
2156 4113 2541 4191 chalkfoni
2580 4115 2889 4193 comessi,
2920 4113 3074 4179 dedi
3112 4118 3185 4177 et
3224 4113 3345 4177 hae

905 4228 1161 4281 Atebroke
1192 4228 1248 4277 of
1336 4217 1626 4302 presenti
1658 4222 1843 4282 carta
1872 4216 2135 4282 firmavi
2172 4217 2461 4283 Roberto
2490 4218 2829 4284 Atebroke
2866 4218 2948 4282 de
2980 4215 3351 4283 Chalkford

905 4294 1229 4411 fflssffiffdg„
1338 4325 1406 4385 et
1457 4320 1706 4397 Sibille,
1754 4322 1952 4385 uxori
2002 4342 2139 4397 sue,
2190 4326 2259 4386 et
2317 4321 2671 4387 heredibus
2725 4322 2899 4387 dicte
2952 4321 3229 4387 Roberti
3278 4326 3346 4385 et

906 4427 1032 4541 2⁰3²·
1052 4421 1312 4539 gffiffflffi:
1338 4424 1479 4488 eius
1509 4423 1864 4509 assignatis
1897 4444 2123 4488 omnes
2152 4428 2363 4489 terras
2392 4445 2571 4490 meas
2601 4429 2671 4490 et,
2711 4426 2935 4489 omnia
2976 4428 3353 4489 tenemenffl

905 4556 1037 4616 wife,
1060 4555 1141 4605 hi·
1166 4554 1312 4603 land·
1338 4548 1487 4592 mea
1526 4531 1596 4592 et
1639 4527 1963 4603 redditus,
2005 4548 2169 4613 quos
2213 4531 2284 4592 et
2325 4549 2454 4614 que
2494 4531 2564 4592 et
2603 4548 2767 4614 quos
2810 4527 3014 4593 habui
3061 4528 3137 4591 in
3180 4527 3358 4591 villis

905 4620 1248 4737 ἱζᾱυξξζξέθ
1347 4637 1417 4698 et
1459 4631 1710 4718 campis
1755 4630 1837 4695 de
1882 4629 2284 4697 Lidenstane
2337 4635 2405 4696 et
2448 4630 2901 4709 Bradenstane
2946 4654 3025 4697 ex
3070 4632 3244 4697 dono
3284 4640 3361 4696 et.

909 4754 1150 4803 Enstono.
1345 4734 1772 4801 fcoffamento
1832 4734 1998 4801 dicti
2058 4734 2353 4813 Roberti,
2412 4734 2816 4801 Habendum
2869 4741 2939 4801 et
2996 4736 3355 4801 tenendum

1346 4840 1558 4906 dictas
1601 4845 1814 4905 terras
1859 4845 1930 4905 et
1974 4843 2355 4905 tenemento,
2398 4844 2468 4905 et
2508 4839 2811 4906 redditus
2851 4838 3183 4927 predictos
3210 4861 3361 4908 cum
