3731 6032
1639 969 1787 1028 lxix.

426 1211 433 1218 ὓ
563 1135 742 1194 Carta
771 1133 1035 1204 Roberti,
1065 1131 1172 1191 filii
1200 1131 1421 1204 Alardi,
1454 1149 1634 1210 super
1670 1130 1917 1190 decimis
1957 1129 2032 1189 de
2075 1128 2437 1207 Blakeputte
2479 1137 2542 1190 et

723 1229 1113 1307 Rugebreche
1139 1236 1205 1290 et.
1230 1229 1585 1306 Sortegrave
1834 1261 1855 1270 —
2628 1227 2842 1285 lxxxix.

564 1328 955 1392 confirmacio
982 1326 1283 1406 Radulphi
1323 1327 1399 1386 de
1440 1326 1684 1386 Sudleia
1724 1345 1905 1404 super
1941 1335 2107 1384 carta
2147 1325 2410 1396 Roberti,
2441 1261 2549 1384 filii

712 1423 935 1486 Alardi
1151 1459 1172 1468 -
1496 1457 1517 1466 —
2185 1457 2206 1466 -
2529 1455 2549 1466 -
2631 1442 2717 1482 xc.

566 1525 926 1584 Mandatum
952 1521 1177 1582 domini
1206 1521 1387 1600 Regis
1414 1539 1522 1599 pro
1552 1522 1667 1580 viis
1696 1529 1759 1580 et
1787 1521 2017 1580 semitis
2059 1539 2266 1580 versus
2307 1521 2555 1580 boscum

578 1626 589 1632 '
729 1620 805 1680 de
832 1619 1136 1696 Corugges
2185 1651 2204 1660 -
2529 1652 2549 1662 -
2631 1621 2737 1678 xci.

568 1719 751 1779 Carta
776 1717 1001 1778 domini
1030 1715 1313 1776 Iohannis
1340 1716 1415 1774 de
1442 1715 1704 1794 Sudleye
1731 1714 1805 1775 de
1833 1715 2035 1793 Throp
2185 1749 2204 1758 -
2530 1749 2549 1759 -
2631 1717 2758 1776 xcii.

568 1817 753 1876 Carta
776 1815 853 1874 de
879 1814 1083 1892 Throp
1106 1813 1451 1892 plenissima
1841 1846 1862 1855 -
2187 1845 2206 1855 ·
2531 1845 2551 1856 ·
2630 1814 2786 1873 xciii.

570 1915 754 1974 Carta
820 1913 1104 1972 Iohannis
1157 1912 1233 1971 de
1292 1911 1622 1972 Wenlonde
1676 1912 1753 1972 de
1808 1910 2053 1989 capitali
2122 1912 2428 1988 mesuagio
2484 1912 2560 1972 de

732 2013 949 2090 Throp‚
980 2010 1141 2089 quod
1176 2011 1299 2070 fuit
1324 2009 1484 2070 Will’
1485 2011 1569 2069 mi
1606 2011 1683 2071 de
1724 2009 1881 2070 Albo
1909 2010 2162 2068 Matisco
2203 2027 2342 2070 cum
2383 2012 2560 2070 terris

732 2110 1189 2188 pertinentibus.
1276 2110 1379 2168 iii·.
1413 2116 1581 2169 carta
1843 2142 1863 2151 -
2532 2142 2553 2153 ·
2635 2111 2786 2170 xciv.

571 2209 802 2282 Quarta
826 2215 1012 2268 carta.
1096 2207 1315 2280 Quieta
1341 2207 1667 2267 clamancia
1696 2206 1982 2265 Iohannis
2009 2205 2084 2266 de
2111 2204 2442 2265 Wenlonde
2483 2206 2558 2266 de

734 2305 976 2384 capitali
1004 2305 1307 2382 mesuagio
1333 2304 1409 2364 de
1437 2303 1640 2382 Throp
1834 2337 1857 2346 -
2185 2337 2204 2346 -
2530 2338 2550 2349 -
2631 2323 2754 2363 xcv.

570 2403 753 2464 Carta
819 2404 895 2463 de
962 2403 1182 2481 Throp,
1239 2422 1357 2480 que
1413 2402 1683 2480 loquitur
1735 2401 1811 2460 de
1882 2402 2060 2461 terris
2129 2410 2193 2462 et
2263 2407 2384 2460 ten.
2459 2419 2565 2479 per

734 2503 1061 2562 Iohannem
1087 2501 1164 2560 de
1190 2500 1521 2560 Wenlonde
1560 2499 1721 2559 datis
1760 2499 2125 2559 Monasterio
2162 2499 2239 2558 de
2267 2495 2560 2577 Wynche-

736 2601 965 2682 cumbe·
1154 2633 1175 2645 ·
1499 2631 1519 2641 -
1846 2630 1865 2640 ·
2188 2631 2208 2641 -
2533 2631 2554 2640 —
2635 2600 2782 2657 xcvi.

570 2701 752 2760 Carta
776 2699 852 2758 de
881 2699 1085 2776 Throp
1103 2696 1447 2774 plenissima
1494 2731 1515 2742 -
1836 2729 1857 2738 -
2185 2731 2204 2740 ·
2535 2729 2554 2739 -
2634 2697 2803 2756 xcvii.

570 2799 890 2876 Obligacio‚
920 2795 1080 2874 quod
1106 2796 1377 2854 feoffaret
1405 2793 1451 2854 Ι.
1484 2793 1813 2853 Wenlonde
1843 2827 1863 2836 -
2189 2830 2209 2839 -
2633 2795 2824 2854 xcviii.

572 2897 788 2970 Quieta
810 2895 1136 2955 clamancia
1166 2893 1460 2969 Margerie
1487 2892 1561 2950 dc
1591 2891 1923 2950 Wenlonde
2190 2927 2210 2936 -
2534 2928 2554 2937 -
2636 2893 2784 2952 xcix.

570 2995 752 3055 Carta
778 2993 1071 3071 Margerie
1098 2990 1389 3052 Cantelue
1414 2990 1490 3050 de
1520 2989 1881 3067 Fromptone
1910 3007 2090 3067 super
2119 2988 2438 3049 Sabrinam
2533 3024 2554 3034 -
2636 3010 2682 3050 c.

571 3092 789 3165 Quieta
815 3090 1143 3152 clamancia
1169 3088 1386 3164 Rogeri
1415 3087 1490 3146 de
1518 3086 1825 3147 Kantelou
1852 3086 1928 3145 de
1958 3086 2320 3165 Fromptone
2538 3126 2556 3135 -
2637 3090 2707 3149 ci.

570 3190 959 3251 Confirmacio
986 3188 1281 3264 Margerie
1321 3186 1396 3246 de
1440 3186 1767 3261 Stallinges
1810 3203 1995 3260 quam
2035 3186 2180 3245 fecit
2223 3185 2448 3245 Abbati
2494 3195 2558 3246 et

628 3352 632 3355 ,
730 3287 1067 3347 Conventui
1124 3282 1378 3363 Wynch.
1446 3301 1627 3361 super
1686 3282 2080 3342 donacionem
2138 3281 2424 3342 Iohannis
2486 3283 2560 3344 de

738 3384 1073 3444 Wenlonde
1142 3415 1165 3427 -
1494 3414 1515 3423 -
1838 3414 1861 3423 -
2193 3414 2212 3423 -
2543 3418 2562 3427 -
2645 3384 2739 3443 cii.

570 3486 789 3559 Quieta
814 3482 1141 3543 clamancia
1164 3480 1459 3557 Margerie
1474 3480 1551 3539 de
1573 3478 1901 3555 Stallinges
1930 3498 2110 3557 quam
2133 3480 2276 3539 fecit.
2301 3480 2562 3540 Roberto

729 3583 805 3643 de
833 3578 1164 3640 Wenlonde
1189 3578 1267 3637 de
1294 3586 1465 3656 parte
1494 3596 1605 3635 sua
1640 3576 1717 3635 de
1744 3576 1946 3654 Throp
2190 3611 2211 3620 -
2535 3611 2556 3621 -
2638 3580 2749 3637 ciii.

532 3700 538 3707 ·
568 3680 889 3758 Inquisicio
917 3684 1094 3757 capta
1122 3694 1229 3754 pro
1256 3676 1434 3735 terris
1463 3673 1749 3733 Iohannis
1775 3674 1851 3734 de
1879 3674 2140 3753 Sudleye
2189 3708 2208 3717 -
2534 3708 2550 3717 -
2634 3677 2747 3735 civ.

567 3778 753 3839 Carta
806 3774 1091 3834 willelmi
1146 3772 1221 3833 de
1290 3773 1607 3832 Albemare
1673 3772 1751 3831 de
1817 3772 2054 3832 duabus
2124 3773 2278 3832 acris
2349 3791 2556 3833 versus

728 3872 1069 3951 Londeleye
1139 3904 1161 3915 -
1486 3904 1506 3913 -
1835 3906 1856 3915 ·
2184 3905 2200 3914 -
2435 3890 2446 3903 ·
2630 3888 2718 3931 cv.

568 3977 659 4037 De
714 3972 976 4035 secundo
1028 3978 1259 4029 assarto
1312 3969 1388 4028 de
1459 3969 1803 4027 Ennestane
1857 3988 1967 4046 per
2021 3968 2382 4027 Edwardum
2440 3968 2558 4027 III.

728 4070 1076 4132 confirmato
1121 4086 1228 4145 per
1280 4065 1605 4127 Ricardum
1661 4066 1891 4143 Regem
1944 4065 2023 4124 ad
2076 4066 2555 4144 prosecucionem

727 4166 979 4228 walteri
1006 4165 1261 4225 Abbatis
1289 4164 1546 4225 Secundi
1833 4197 1853 4208 -
2185 4196 2202 4206 -
2529 4196 2549 4207 -
2631 4166 2740 4225 ovi.

564 4268 657 4328 De
684 4264 1165 4345 appropriaeione
1194 4261 1457 4321 Ecclesie
1487 4260 1754 4320 Eustone
1836 4294 1857 4303 -
2185 4292 2204 4303 ·
2531 4294 2552 4304 -
2633 4263 2772 4321 cvii.

556 4365 892 4425 ludentum
918 4362 1171 4421 Comitis
1210 4360 1473 4418 Warwic.
1506 4358 1582 4417 de
1609 4367 1841 4418 assai-to
1867 4357 1945 4417 de
1973 4358 2402 4435 Schortegrove
2525 4390 2545 4401 ·
2627 4360 2781 4419 cviii.

560 4465 837 4539 Tangens
863 4460 1116 4519 materia
1142 4457 1504 4534 Magistrum
1532 4456 1753 4515 Milicie
1780 4454 2014 4534 Templi
2056 4455 2132 4515 de
2175 4456 2439 4534 Gytinge
2481 4454 2556 4515 de

724 4560 861 4619 visu
886 4556 1258 4633 franciplegii
1833 4586 1855 4597 -
2181 4588 2202 4599 -
2526 4588 2548 4599 -
2630 4555 2722 4613 cix

560 4659 743 4719 Carta
771 4655 1056 4716 Iohannis
1083 4652 1298 4712 Bolure
1332 4650 1409 4711 de
1438 4598 1707 4729 Clyvelei
1839 4684 1860 4693 -
2187 4684 2208 4693 -
2533 4683 2555 4694 -
2637 4670 2728 4711 cx.

560 4756 863 4834 Radulphi
892 4753 967 4813 de
996 4752 1341 4811 Ennestane
1494 4782 1516 4793 -
1838 4782 1860 4792 —
2185 4782 2206 4791 -
2533 4780 2547 4793 ·
2632 4752 2739 4809 cxi.

560 4855 743 4933 Hugo
766 4853 843 4913 de
869 4850 1169 4911 Oulunces
1195 4848 1270 4908 de
1300 4848 1646 4907 Ennestane
1834 4884 1845 4891 -
2181 4882 2201 4891 -
2525 4880 2548 4893 -
2629 4850 2762 4907 cxii.
