3731 6032
2154 982 2281 1046 120

1203 1148 1511 1214 vicesimo
1543 1150 1742 1216 tertio
1789 1149 1895 1213 die
1926 1149 2221 1214 Ianuarii
2248 1173 2261 1227 3
2304 1170 2481 1215 anno
2510 1149 2695 1235 regni
2726 1148 2936 1214 nostri
2968 1144 3215 1231 Anglie

1202 1251 1527 1316 tricesimo
1551 1251 1771 1330 tertio,
1801 1253 2005 1338 regni,
2036 1273 2208 1330 vero,
2241 1253 2453 1318 nostri
2484 1253 2655 1317 Fran
2663 1253 2759 1318 cie
2792 1251 3121 1317 vicesimo.

1376 1379 1491 1463 [Et
1516 1381 1690 1447 dicte
1720 1380 1849 1445 due
1879 1401 2095 1446 marce
2125 1382 2339 1446 solute
2368 1390 2527 1446 sunt
2554 1381 2627 1445 in
2657 1379 3067 1465 hanaperio.]

771 1723 904 1774 LIX·
1374 1731 1583 1796 Carta
1627 1729 1904 1797 dmnini
1948 1729 2279 1796 Edwardi.
2323 1729 2528 1814 Reqie
2570 1750 2696 1815 pro
2740 1735 2937 1814 prato
2982 1729 3063 1794 de

2002 1833 2377 1916 Tody‘nton.

767 1957 1167 2078 ξέξζῗέἆῌ·
1281 1970 1664 2046 Edwardus,
1727 1971 1840 2034 Dei
1924 1971 2181 2047 Gracia,
2240 1971 2383 2036 Rex
2441 1970 2701 2054 Anglie,
2756 1977 2825 2036 et
2904 1972 3213 2037 dominus

1193 2073 1539 2153 Hibernie,
1592 2078 1660 2139 et
1712 2073 1867 2138 Dux
1920 2074 2297 2158 Aquitanie,
2340 2072 2666 2138 Omnibus
2716 2074 2803 2138 ad
2851 2095 3013 2160 quos
3066 2097 3210 2162 pre-

1194 2188 1410 2296 sentes
1438 2179 1660 2243 littere
1690 2178 2135 2296 pervenerint,
2180 2177 2499 2243 Salutem.
2588 2178 2853 2296 §cintia
2906 2178 3083 2263 quod
3129 2178 3213 2244 de

1193 2303 1407 2364 grama
1494 2286 1720 2346 nostra
1779 2281 2063 2366 spemah,
2123 2286 2193 2346 et
2266 2281 2353 2346 ad
2418 2303 2917 2366 requlslcionem
2980 2281 3205 2347 dilecti

762 2390 834 2438 At
856 2389 947 2438 the
969 2395 1174 2451 request
1195 2385 1405 2450 nostri
1479 2385 1792 2450 Iohannis
1867 2384 2089 2463 ward,
2172 2387 2607 2450 concessimus
2703 2392 2771 2451 et
2892 2387 2915 2449 i
2954 2408 3035 2450 en
3077 2388 3091 2402 '

763 2453 1168 2568 ἓὶἶῖὴῗιῖἓῗὲἰ
1195 2489 1495 2553 dedimus
1538 2510 1658 2574 pro
1695 2488 1907 2554 Nobis
1958 2493 2029 2553 et
2078 2488 2432 2553 heredibus
2462 2489 2721 2566 nostris,
2752 2387 3205 2575 ᾳυέῃῖυιῐοιωίᾞ

761 2584 842 2698 {⁶25
869 2581 1167 2699 ξθῗῧθέὲζῖ
1191 2592 1382 2657 nobis
1413 2596 1530 2670 est,
1562 2591 1800 2658 dilecto
1846 2600 1917 2657 et
1960 2591 2140 2657 fideli
2188 2596 2412 2657 nostro
2467 2592 2749 2658 Iohanni
2804 2593 2885 2658 de
2939 2593 3213 2677 Sudley,

763 2714 817 2763 of
832 2665 1078 2763 gtineadow
1111 2714 1164 2762 in
1192 2696 1368 2778 quod
1397 2697 1537 2783 ipse
1567 2695 2009 2781 quadraginta
2036 2717 2220 2760 acras
2272 2697 2446 2781 prati
2500 2697 2571 2761 in
2612 2698 2907 2762 manerio
2956 2719 3077 2763 suo
3123 2698 3207 2763 de

763 2779 976 2894 ῗᾶιξζθ
990 2793 1167 2893 mggssr
1190 2799 1518 2885 Sudeleye
1577 2803 1650 2864 in
1705 2799 2046 2866 Comitatu
2110 2799 2616 2877 Gloucestrensi,
2676 2822 2804 2885 quc
2862 2801 2943 2866 de
3004 2801 3215 2867 Nobis

767 2915 902 2958 vent.
1191 2908 1506 2969 tenentur
1533 2905 1604 2967 in
1649 2903 1884 2989 capite,
1915 2907 1995 2968 ut
2025 2903 2285 2980 dicitur,
2316 2903 2470 2968 dare
2521 2904 2728 2989 possit
2776 2910 2844 2970 et
2876 2907 3211 2990 assignare

1193 3007 1448 3074 dilectis
1508 3006 1713 3073 Nobis
1774 3007 1839 3072 in
1904 3005 2190 3083 Christo,
2251 3007 2494 3073 Abbati
2555 3013 2624 3074 et
2698 3006 3073 3075 Conventui
3126 3008 3213 3076 de

1193 3112 1740 3197 Wynchecumbe,
1774 3110 2134 3176 Habendas
2157 3116 2227 3176 et
2247 3110 2567 3177 tenendas
2596 3111 2839 3177 eisdem
2865 3113 3111 3177 Abbati
3142 3119 3211 3179 et·

1194 3214 1571 3283 Conventui
1603 3222 1671 3282 et
1700 3215 2177 3282 successoribus
2198 3204 2351 3280 ‘suis
2405 3216 2473 3279 in
2527 3216 2803 3281 liberam
2857 3237 3089 3302 puram
3136 3226 3209 3282 et

1191 3328 1574 3405 perpetuam
1624 3318 2070 3384 elemosinam.
2164 3316 2251 3385 Et
2311 3319 2553 3384 eisdem
2611 3319 2863 3384 Abbati
2912 3326 2980 3385 et
3032 3319 3207 3386 Con-

1193 3424 1446 3501 ventui,
1475 3423 1652 3508 quod
1696 3422 1823 3508 ipsi
1868 3422 2239 3508 predictum
2271 3430 2533 3508 pratum
2584 3444 2733 3486 cum
2786 3422 3214 3507 pertinenciis

1192 3548 1233 3593 a
1263 3526 1520 3613 prefato
1550 3523 1846 3591 Iohanne
1877 3525 1959 3589 de
1990 3524 2274 3609 Sudleye
2298 3526 2584 3611 recipere
2602 3527 2856 3611 possint
2886 3536 2952 3591 et
2982 3531 3213 3591 tenere

1195 3630 1321 3696 sibi
1383 3639 1450 3695 et
1507 3626 1985 3695 successoribus
2042 3628 2203 3707 suiS,
2263 3630 2771 3714 imperpetuum,
2830 3630 3002 3694 sicut
3061 3650 3209 3715 pre-

1194 3734 1446 3799 dictum
1471 3743 1571 3799 est
1591 3756 1607 3807 3
1631 3746 1856 3797 tenore
1882 3732 2643 3815 presencium,similiter,
2667 3731 3001 3797 licenciam
3022 3731 3209 3797 dedi·

1195 3860 1342 3903 mus
1387 3837 1776 3923 specialem3
1827 3836 2099 3901 Statuto
2161 3835 2241 3899 de
2289 3837 2482 3900 terris
2537 3841 2605 3900 et
2653 3838 3045 3901 tenementis
3118 3836 3207 3901 ad

1194 3963 1462 4006 manum
1513 3944 1842 4006 mortuam
1890 3960 2025 4005 non
2080 3939 2400 4024 ponendis
2447 3938 2625 4003 edito
2683 3960 2817 4003 non
2878 3938 3209 4005 obstante.

1192 4045 1506 4110 Nolentes
1551 4043 1727 4128 quod
1771 4042 2015 4129 prefati
2066 4042 2292 4107 Abbas
2340 4047 2408 4107 et
2460 4041 2847 4108 Conventus
2896 4064 3012 4106 seu
3062 4062 3206 4107 suc·

1191 4168 1472 4214 cessores
1502 4150 1624 4223 sui,
1651 4147 1907 4213 racione
1960 4146 2445 4232 premissorum,
2476 4146 2582 4211 vel
2628 4148 2883 4223 statuti-
2922 4145 3203 4232 predicti

1189 4273 1308 4337 per
1337 4250 1478 4316 Nos
1521 4250 1628 4316 vel
1681 4248 1953 4315 heredes
2002 4256 2279 4329 nostros,
2332 4249 2755 4326 IusticiariOS,
2806 4250 3213 4328 EscaetoreS,

1190 4355 1624 4420 Vicecomitcs
1675 4359 1792 4419 aut
1843 4353 2027 4429 alios,
2058 4353 2337 4419 ballivos
2393 4375 2506 4419 seu
2560 4355 2894 4418 ministros
2947 4360 3205 4419 nostros

1191 4480 1630 4544 quoscunque,
1663 4458 2173 4533 occasionentur,
2219 4456 2652 4523 molestentur
2697 4458 2768 4521 in
2818 4456 3058 4542 aliqu0‚
3086 4477 3203 4521 seu

1189 4566 1570 4649 graventur.
1706 4560 1788 4625 In
1847 4561 2033 4627 cuius
2095 4562 2191 4625 rei
2265 4562 2714 4626 testimonium
2774 4560 2893 4625 has
2948 4560 3211 4625 litteras

1190 4672 1448 4732 nostras
1521 4666 1665 4730 fieri
1731 4665 2008 4729 fecimus
2070 4650 2396 4750 patentes,
2518 4664 2712 4729 Teste
2795 4664 3044 4750 Meipso
3116 4662 3204 4728 ad

1191 4770 1644 4855 Wygorniam,
1690 4770 1972 4854 septimo
2018 4768 2127 4833 die
2179 4768 2507 4847 Octobris,
2536 4790 2707 4832 anno
2758 4768 2946 4854 regni
2991 4767 3202 4833 nostri

1195 4874 1413 4940 tercio.
