3731 6032
2111 974 2238 1036 184

1155 1145 1392 1234 dignis,
1423 1152 1492 1214 et
1521 1153 1789 1228 testam,
1829 1152 2008 1236 quod
2039 1151 2219 1218 dicta
2247 1154 2566 1230 custodia,
2611 1175 2762 1218 cum
2809 1147 3164 1225 accidebat,

732 1309 781 1358 A
814 1308 969 1358 moiet
1025 1308 1081 1357 of
1155 1249 1330 1316 inter
1360 1250 1658 1319 dominos
1686 1255 2017 1340 capitales,
2046 1255 2130 1320 ab
2157 1258 2457 1343 antiquo,
2486 1256 2698 1321 dividi
2738 1254 3168 1322 consuevit—

734 1374 825 1423 tho
845 1324 1077 1450 qustgdy,
1160 1354 1241 1418 de
1274 1356 1571 1421 unanimi
1600 1379 1916 1424 consensu
1946 1367 2014 1426 et
2044 1361 2388 1426 voluntate
2417 1360 2858 1448 predictorum
2890 1356 3166 1423 Abbatis

732 1439 1141 1569 fflssss‘gm
1162 1465 1232 1524 et
1290 1459 1562 1527 Roberti
1620 1462 2086 1529 concordatum
2138 1465 2372 1529 extitit
2431 1469 2500 1529 et
2565 1463 2925 1537 ordinatur,
2991 1457 3165 1546 quod

734 1575 960 1620 consent·
1160 1563 1495 1649 predictus
1523 1565 1743 1631 Abbas
1773 1571 1842 1632 et
1871 1588 2266 1633 successores
2295 1568 2396 1632 sui
2416 1565 2762 1632 habebunt
2789 1571 2859 1631 et
2875 1567 3166 1651 reporta-

1158 1665 1328 1733 bunt
1370 1668 1792 1735 medietatem
1853 1669 2028 1736 dicte
2077 1671 2391 1746 custodie,
2441 1693 2592 1736 cum
2637 1669 2968 1742 acciderit,
3021 1669 3164 1731 iure

1156 1793 1273 1836 suo
1331 1773 1626 1837 omnium
1682 1777 2210 1840 tentamentorum
2277 1772 3164 1861 predictorum—predictus,

1156 1895 1327 1950 veru,
1362 1875 1691 1942 Robertus
1719 1882 1789 1943 et
1816 1877 2086 1944 heredes
2127 1879 2232 1943 sui
2272 1879 2472 1944 aliam
2517 1878 2940 1942 medietatem
2992 1874 3166 1940 dicte

1154 1979 1463 2060 custodie,
1509 2001 1661 2048 cum
1717 1980 2048 2058 acciderit,
2092 1981 2388 2047 omnium
2439 1983 2968 2047 tenementorum
3019 1999 3165 2064 pre-

1157 2083 1484 2150 dictorum
1542 2105 1663 2150 suo
1712 2084 1854 2150 iure
1912 2083 2254 2151 habebunt
2312 2089 2382 2150 et
2437 2084 2907 2171 reportabunt;
2965 2102 3163 2167 quam

1160 2187 1428 2273 quidem
1455 2187 1877 2254 medietatem
1907 2210 2096 2254 suam
2145 2188 2440 2255 custodie
2488 2188 2783 2275 predicte
2833 2185 3167 2273 predictus

1162 2291 1491 2357 Robertus
1518 2292 1798 2358 tradidit
1836 2296 1908 2358 et
1952 2292 2272 2359 concessit
2300 2313 2420 2378 pro
2469 2291 2763 2377 quinque
2793 2290 3028 2355 marcis
3050 2309 3166 2374 pre

734 2341 928 2457 1¹12&
945 2347 1136 2407 moiety
1160 2393 1465 2459 manibus
1488 2394 1699 2460 eidem
1722 2394 1976 2472 solutis,
2000 2415 2200 2480 quam
2221 2395 2530 2459 seisinam
2552 2415 2741 2458 suam
2763 2393 2938 2459 dicto
2960 2391 3167 2456 domi-

732 2471 1136 2587 ζζαῖζῖαῗέξ
1158 2519 1246 2563 no
1291 2498 1535 2564 Abbati
1582 2499 1905 2577 vendidit,
1933 2497 2058 2564 hac
2088 2500 2250 2575 vice,
2285 2498 2672 2564 Habendam
2703 2503 2773 2562 et
2815 2494 3169 2562 tenendam

732 2602 903 2717 29121112
946 2603 1026 2652 for
1054 2603 1135 2653 his
1158 2600 1401 2667 dictam
1454 2602 1878 2668 medietatem
1925 2603 2088 2669 dicti
2137 2601 2411 2668 Roberti
2457 2600 2749 2688 predicto
2802 2599 3047 2666 Abbati
3100 2604 3169 2664 et

790 2683 904 2729 '⁵¹¹¹'
1156 2704 1294 2768 suis
1340 2704 1816 2771 successoribus
1861 2728 1981 2772 seu
2025 2707 2376 2791 assignatis
2421 2727 2572 2772 cum
2625 2705 2930 2770 omnibus
2990 2724 3167 2768 com-

730 2854 917 2914 during
938 2853 1029 2904 the
1156 2808 1587 2874 moditatibus
1630 2810 1785 2887 suis,
1814 2814 1958 2876 toto
2009 2814 2304 2892 tempore
2332 2831 2464 2894 quo
2494 2809 2831 2874 duraverit
2863 2807 3164 2873 custodia

732 2919 988 2983 minority,
1155 2913 1508 2990 antedicta,
1529 2911 1654 2978 hac
1676 2913 1836 2991 vice,
1858 2913 2118 2980 racione
2142 2913 2411 2978 minoris
2431 2913 2628 2978 etatis
2658 2911 2781 2976 filii
2813 2916 2882 2977 et
2909 2910 3169 2975 heredis

1156 3016 1473 3083 Willelmi
1532 3018 1614 3083 de
1673 3016 1944 3084 Dichele
2003 3016 2278 3105 predicti
2333 3015 2648 3083 defuncti.
2739 3015 2822 3081 In
2881 3034 3160 3101 quorum

1156 3121 1450 3185 omnium
1498 3121 1950 3187 testimonium
1998 3134 2134 3187 tam
2178 3120 2513 3207 predictus
2560 3119 2888 3187 Robertus
2938 3118 3165 3205 [quam

1156 3220 1411 3308 Abbas]
1441 3222 1596 3290 huic
1646 3225 1892 3311 scripto
1944 3225 2292 3291 indentato
2336 3224 2556 3311 sigilla
2601 3245 2738 3300 sua,
2767 3223 3170 3299 alternatim,

1156 3334 1620 3414 apposuerunt.
1709 3328 1964 3393 Datum
1994 3329 2172 3414 apud
2193 3328 2529 3393 Ennestan
2550 3327 2657 3391 die
2681 3326 3170 3391 Purificacionis

1159 3432 1364 3497 Beate
1423 3431 1643 3507 Mai-ie,
1694 3453 1870 3499 anno
1911 3433 2098 3515 regni
2153 3431 2353 3519 Regis
2407 3430 2743 3507 Edwardi,
2794 3430 2916 3494 filii
2977 3428 3176 3513 Regis

1162 3534 1493 3612 Edwardi,
1523 3557 1712 3601 nonu.

732 3758 1003 3903 ἓξῇξξῑ·
1254 3781 1572 3849 willelmi
1605 3782 1909 3869 Tamara
1937 3782 2018 3849 αι
2045 3781 2218 3865 4252·oe
2246 3781 2432 3849 mdis
2460 3781 2546 3847 in
2577 3778 3104 3864 Gadelinyewcll.

1248 3904 1438 3987 [This
1483 3902 1744 3970 chau-ter
1791 3904 1849 3969 is
1907 3904 2108 3989 given
2166 3904 2236 3967 in
2297 3903 2416 3968 vol.
2478 3903 2544 3983 i.,
2609 3923 2721 3988 pp.
2791 3903 3012 3978 190-2‚
3069 3899 3180 3965 be·-

1160 4006 1454 4092 ginning,
1526 4014 1560 4040 “
1584 4006 1814 4072 Sciant
1881 4010 2216 4089 presentes
2311 4050 2754 4073 .....
2829 4005 3007 4090 quod
3063 4027 3182 4090 ego

1164 4109 1534 4174 willelmus
1569 4109 1862 4175 Taillard
1892 4116 1961 4175 et
2003 4109 2275 4174 heredes
2319 4110 2449 4174 mei
2495 4109 2865 4174 remisimus
2937 4158 2953 4174 .
3029 4159 3045 4175 .
3109 4158 3122 4173 .

1164 4214 1426 4298 ending,
1474 4220 1507 4245 “
1533 4214 1599 4275 in
1646 4212 2137 4277 fraternitatem
2181 4215 2759 4299 receperunt”--p.
2809 4215 2950 4278 192.
3039 4211 3180 4277 'l'he

1162 4324 1195 4349 “
1220 4316 1672 4381 fideiussores''
1703 4338 1815 4382 are
1856 4316 2058 4401 given
2087 4316 2261 4392 here,
2289 4338 2362 4381 as
2394 4318 2464 4380 in
2510 4317 2624 4382 the
2655 4316 2936 4381 Chat-ter
2965 4314 3038 4380 of
3065 4314 3181 4381 the

1164 4419 1385 4484 Abbot
1414 4420 1487 4484 of
1516 4419 1795 4505 Oseney,
1826 4420 1953 4485 vol.
1985 4421 2050 4498 i.,
2079 4442 2143 4506 p.
2179 4424 2320 4496 188,
2364 4421 2726 4505 beginning
2761 4428 2798 4454 “
2819 4419 3180 4484 Henricum

1166 4522 1246 4587 de
1285 4524 1487 4587 Noers
1520 4523 1819 4606 (Nohers,
1853 4522 2038 4606 here)
2085 4574 2100 4589 .
2149 4570 2166 4588 .
2213 4524 2280 4599 .,”
2313 4524 2581 4610 ending,
2631 4532 2662 4559 ‘·
2693 4524 3056 4589 Iohannem
3103 4522 3184 4586 de

1166 4627 1673 4714 Wynrich’'—-p.
1715 4630 1857 4693 189.
1941 4634 1976 4662 ‘⁴
1999 4626 2307 4705 Radulfo,
2354 4628 2493 4693 filio
2550 4628 2779 4715 Rogeri
2805 4626 2838 4653 '⁹
2881 4630 3186 4711 amongst

1169 4730 1283 4795 the
1312 4731 1672 4806 witnesses,
1700 4730 1908 4808 there,
1949 4731 2008 4795 is
2051 4729 2455 4809 “BardulfO,
2498 4731 2637 4796 filio
2683 4727 2974 4816 Rogeri,’'
3013 4726 3169 4793 here

1169 4833 1473 4919 (Bardolf
1492 4834 1565 4899 of
1582 4834 1951 4912 Oestreton,
1975 4832 2366 4901 Chastleton
2397 4834 2792 4913 Heumarsh,
2815 4854 2900 4898 no
2931 4832 3190 4907 doubt).
