3731 6032
1477 959 1602 1024 285

537 1115 764 1186 heredi
772 1123 891 1188 bus
950 1125 1086 1191 suis
1147 1125 1452 1212 quietum
1524 1124 1928 1202 clamaverit,
1989 1124 2064 1189 in
2138 1125 2555 1210 perpetuum,
2581 1131 2771 1195 Sudley
2824 1135 2979 1212 ¹³2¹*-

542 1223 810 1292 domino
841 1227 1141 1308 Ricardo,
1165 1230 1409 1296 Abbati
1434 1227 1990 1316 Wynchecumbe,
2014 1231 2084 1293 et
2105 1225 2399 1292 eiusdem
2428 1223 2555 1291 loci
2578 1196 2981 1312 ffissssgffbm

541 1326 916 1396 Conventui
947 1337 1016 1398 et
1059 1354 1288 1399 eorum
1332 1331 1812 1400 successoribus
1855 1335 2077 1398 totum
2109 1331 2215 1396 ius
2244 1351 2440 1396 suum
2484 1334 2555 1396 et
2580 1327 2804 1376 meadow
2824 1327 2880 1376 5¹²

538 1430 868 1510 clamium,
899 1436 1078 1520 quod
1106 1435 1367 1514 habuit,
1397 1435 1504 1500 vel
1534 1435 1756 1521 aliquo
1784 1435 1982 1501 modo
2026 1433 2269 1501 habere
2313 1433 2553 1518 potuit,
2576 1392 2979 1518 2:21³&ssss

539 1534 610 1600 in
639 1540 786 1602 toto
829 1543 1022 1623 prato
1050 1539 1168 1606 illo
1211 1540 1286 1604 in
1315 1538 1618 1606 Sudeleie
1661 1540 1923 1606 iacente
1964 1539 2142 1604 inter
2170 1537 2439 1604 villatas
2468 1536 2551 1603 de
2574 1523 2979 1651 Τποξῑῶξζοέοῗᾶ

539 1635 932 1725 Todyntone
963 1647 1033 1709 et
1061 1641 1562 1729 Wormyntone‚
1591 1642 1770 1729 quod
1797 1640 2067 1728 quidem
2104 1644 2373 1728 pratum
2401 1660 2550 1727 pre·
2940 1623 2953 1648 '

539 1740 754 1808 dictus
815 1744 1120 1812 dominus
1179 1745 1520 1823 Ricardus,
1578 1744 1807 1811 Abbas
1868 1743 2423 1831 Wynchecumbe,
2480 1747 2550 1810 et

537 1845 832 1910 eiusdem
876 1848 1000 1915 loci
1045 1848 1428 1916 Conventus
1471 1854 1630 1916 ante
1672 1846 2108 1936 possederunt
2156 1845 2245 1912 ad
2295 1851 2551 1913 certum

537 1950 896 2016 terminum
915 1973 1241 2019 annorum
1264 1952 1348 2020 de
1367 1952 1747 2019 dimissione
1771 1951 1935 2019 dicti
1959 1949 2213 2018 domini
2234 1949 2553 2016 Iohannis

535 2056 694 2116 ——et
723 2053 1114 2142 obligaverit
1143 2077 1212 2123 se
1243 2062 1312 2122 et
1354 2055 1626 2122 heredes
1671 2076 1823 2122 suos
1865 2055 1954 2121 ad
1982 2052 2554 2120 warantizandum

535 2155 848 2240 predictis
901 2158 1167 2226 domino
1218 2159 1520 2238 Ricardo,
1573 2159 1821 2226 Abbati
1886 2156 2441 2246 Wynchecumbe,
2484 2162 2555 2224 et

535 2259 826 2325 eiusdem
859 2261 984 2328 loci
1014 2262 1388 2330 Conventui
1432 2267 1502 2330 et
1544 2284 1771 2329 eorum
1815 2259 2301 2329 successoribus
2332 2265 2554 2327 totum

536 2362 902 2447 predictum
934 2371 1200 2452 pratum
1230 2389 1380 2434 eum
1409 2367 1548 2433 suis
1592 2366 2022 2454 pertinenciis
2065 2369 2299 2432 contra
2328 2385 2553 2431 omnes

537 2470 789 2547 gentes,
863 2469 935 2533 in
1007 2474 1402 2557 perpetuum
1435 2493 1453 2547 3
1541 2469 1841 2558 predicti,
1912 2474 2158 2546 tamen,
2246 2467 2553 2536 dominus

537 2569 876 2647 Ricardus,
909 2572 1130 2638 Abbas
1167 2571 1721 2659 Wyneheeumbe,
1765 2575 1834 2638 et
1879 2570 2172 2638 eiusdem
2216 2571 2343 2638 loci
2379 2569 2553 2637 Con-

539 2678 778 2739 ventus
807 2676 1178 2743 concedunt
1205 2699 1324 2763 pro
1353 2699 1424 2742 se
1454 2680 1523 2742 et
1563 2677 1701 2742 suis
1743 2674 2240 2753 successoribus,
2270 2675 2448 2762 quod
2492 2675 2553 2740 si

536 2777 870 2862 predictus
914 2779 1220 2846 dominus
1265 2779 1594 2846 Iohannes
1639 2779 1722 2846 de
1783 2779 2052 2845 Sudleie
2118 2780 2193 2845 in
2239 2780 2383 2844 vita
2427 2799 2550 2844 sua

534 2879 807 2947 solverit
837 2882 1082 2949 Abbati
1113 2883 1672 2969 Wynchecumbe,
1695 2883 1811 2969 qui
1841 2903 1961 2968 pro
1993 2887 2289 2968 tempore
2319 2879 2548 2958 fuerit,

535 3005 652 3048 sex
685 2985 927 3071 viginti
974 2990 1066 3066 et,
1085 2987 1417 3053 sexdecim
1446 2986 1669 3064 libras,
1713 3007 1881 3071 quas
1924 2986 2009 3052 ab
2040 2985 2283 3052 eisdem
2315 2990 2551 3051 mutuo
2574 3002 2655 3053 for
2678 3003 2829 3067 2136,

535 3091 798 3172 recepit,
829 3091 1006 3176 quod
1037 3090 1406 3178 predictum
1437 3092 1758 3178 scriptum
1803 3090 2027 3177 quiete
2066 3090 2424 3156 clamancie
2468 3089 2551 3155 de

535 3193 831 3277 predicto
905 3200 1112 3279 prato,
1183 3195 1497 3281 predictis
1581 3194 1850 3261 domino
1914 3193 2224 3271 Ricardo,
2299 3193 2553 3259 Abbati

540 3296 1090 3382 Wynehecumbe,
1145 3305 1214 3365 et
1264 3300 1560 3365 eiusdem
1613 3298 1737 3365 loci
1787 3298 2161 3364 conventui
2212 3302 2281 3364 et
2324 3319 2553 3363 eorum

538 3401 1016 3467 successoribus
1045 3401 1318 3479 factum,
1348 3424 1468 3489 pro
1513 3402 1696 3467 nullo
1738 3401 2082 3480 habeatur,
2109 3400 2197 3467 ad
2241 3422 2551 3487 quorum-

537 3524 794 3588 cunque
843 3527 1080 3570 manus
1128 3504 1489 3584 devenerit,
1531 3526 1653 3572 nec
1695 3504 1900 3571 robur
1942 3505 2258 3591 optineat,
2286 3505 2361 3570 in
2401 3526 2547 3592 per-

537 3612 842 3691 petuum3
884 3608 1202 3687 allocatiS‚
1231 3610 1583 3686 duntaxat,
1617 3608 1914 3695 predicto
1944 3608 2211 3675 domino
2240 3607 2548 3689 Iohanni,

537 3710 804 3777 domino
834 3711 916 3777 de
948 3712 1238 3791 Sudleie,
1279 3712 1387 3779 die
1415 3712 1768 3779 solucionis
1796 3734 1915 3777 sex
1945 3712 2189 3798 viginti
2216 3712 2547 3779 sexdecim
2573 3708 2765 3823 &⁶222
2796 3708 2965 3757 marks

538 3813 874 3893 librarum,
903 3837 1024 3902 pro
1076 3816 1377 3902 quolibet
1405 3838 1580 3883 anno
1611 3816 1832 3902 elapso
1862 3837 1981 3880 sex
2012 3816 2267 3881 marcis.
2358 3814 2449 3881 Et
2490 3816 2547 3881 si
2572 3810 2979 3902 yearlyi'nterest.

539 3918 872 4003 predictus
907 3918 1256 3994 Iohannes.
1301 3921 1374 3985 in
1404 3920 1549 3984 vita
1591 3941 1734 3997 sua,
1778 3919 1988 3985 dietas
2031 3939 2150 3982 sex
2195 3919 2437 4004 viginti
2482 3922 2551 3984 et

537 4022 866 4089 sexdecim
912 4024 1114 4089 libras
1161 4024 1338 4090 dieto
1383 4024 1634 4089 Abbati
1667 4022 2223 4109 Wyncheeumbe,
2268 4022 2383 4107 qui
2432 4043 2552 4108 pro

540 4132 834 4213 tempore
878 4126 1109 4205 fuerit,
1153 4150 1288 4193 non
1331 4128 1626 4204 solverit,
1667 4132 1748 4192 ut
1791 4126 2163 4213 predictum
2209 4131 2327 4202 est,
2374 4126 2552 4211 quod
2578 4146 2799 4212 Πυραία.

540 4231 912 4315 predictum
961 4232 1282 4318 seriptum
1342 4232 1565 4317 quiete
1623 4230 1981 4297 clamancie
2038 4230 2177 4293 vim
2237 4250 2426 4294 suam
2484 4234 2555 4296 et

539 4334 844 4401 effectum
921 4336 1270 4422 possideat,
1345 4337 1418 4399 in
1491 4338 1906 4421 perpetuum.
2037 4331 2123 4397 In
2195 4333 2383 4399 cuius
2457 4334 2553 4399 rei

535 4440 1008 4517 testimonium,
1058 4446 1199 4505 tam
1241 4439 1526 4526 predicti
1575 4438 1883 4504 dominus
1935 4436 2282 4515 RicarduS,
2326 4436 2554 4502 Abbas

539 4541 1028 4622 Winchcumbe,
1077 4547 1147 4609 et
1190 4543 1479 4608 eiusdem
1535 4542 1660 4607 loci
1707 4540 2114 4619 Conventus,
2162 4561 2361 4625 quam
2408 4561 2555 4625 pre-

536 4645 752 4711 dictus
811 4646 1116 4712 dominus
1175 4645 1517 4721 IohanneS‚
1569 4644 1875 4710 dominus
1938 4644 2020 4709 de
2074 4643 2363 4719 Sudleie,
2410 4666 2554 4730 pre-

534 4750 834 4815 sentibus
892 4751 1154 4837 scriptis
1211 4750 1577 4815 indentatis
1653 4747 1873 4833 sigilla
1939 4769 2079 4824 sua,
2153 4747 2555 4824 alternatim,

530 4858 995 4939 apposuerunt.
1083 4854 1336 4920 Datum
1397 4852 1575 4939 apud
1631 4850 1918 4927 Sudleie,
1965 4850 2095 4915 due
2143 4850 2439 4927 Sabbati,
2482 4851 2554 4915 in
