3731 6032
1462 979 1593 1050 43⁷

522 1146 899 1215 vicecomes
927 1149 1298 1227 mandatus,
1328 1149 1506 1236 quod
1535 1148 1737 1214 breve
1779 1147 1946 1214 adeo
1976 1147 2182 1226 tarde,
2215 1145 2541 1222 etc—ita,

514 1252 701 1338 quod
752 1257 915 1318 tunc
964 1258 1348 1341 preceptum
1400 1251 1537 1319 fuit
1587 1252 1998 1330 vicecomiti,
2047 1249 2228 1338 quod
2277 1251 2542 1336 caperet

522 1355 933 1442 mesuagium
1004 1356 1376 1444 predictum
1433 1378 1585 1423 cum
1629 1355 2055 1442 pertinenciis
2121 1355 2195 1421 in
2266 1372 2538 1418 manum

516 1452 791 1520 domino
836 1453 1051 1541 Regis.
1173 1457 1263 1522 Et
1305 1456 1501 1532 diem,
1538 1459 1662 1522 etc.
1750 1453 1841 1520 Et
1885 1454 2063 1540 quod
2105 1451 2542 1520 summoniret
2565 1474 2667 1523 md
2720 1477 2777 1522 at
2817 1471 2904 1524 All

514 1578 657 1635 eos,
694 1557 871 1642 quod
901 1563 1121 1624 essent
1149 1558 1259 1625 hic
1286 1559 1372 1624 ad
1407 1558 1587 1624 hunc
1616 1558 1813 1637 diem,
1842 1557 2110 1634 scilicet,
2139 1558 2212 1622 in
2253 1556 2544 1622 crastino
2565 1539 2734 1590 Βοιὼ·

524 1660 935 1740 Animarum,
986 1666 1111 1728 etc.
1208 1663 1297 1728 Et
1342 1662 1716 1730 vicecomes
1770 1661 1967 1727 modo
2019 1665 2308 1729 testatur
2365 1659 2544 1725 diem

522 1765 875 1850 capcionis,
922 1769 1044 1832 etc.
1133 1766 1225 1832 Et
1274 1766 1452 1852 quod
1502 1766 1958 1842 summonivit,
2000 1771 2120 1832 etc.
2209 1763 2299 1830 Et
2348 1783 2547 1850 super

521 1869 649 1934 hoc
690 1869 1026 1956 predictus
1054 1869 1281 1936 Abbas
1323 1871 1498 1956 petit
1538 1869 1851 1934 seisinam
1897 1869 2220 1955 mesuagii
2263 1863 2545 1954 predicti

524 1994 642 2058 per
684 1973 1024 2051 defaltam,
1053 1978 1193 2050 etc„
1220 1973 1349 2038 sibi
1379 1971 1763 2038 adiudicari.
1857 1971 1946 2038 Et
1975 1993 2173 2059 super
2202 1971 2327 2036 hoc
2357 1969 2546 2035 venit
2570 1978 2749 2054 Βοεςῐ,
2765 1975 2975 2024 brothor

513 2075 793 2160 quidam
852 2076 1148 2162 Rogerus
1208 2077 1591 2161 Receyvor3
1666 2081 1735 2141 et
1815 2075 1980 2142 dicit
2037 2073 2216 2161 quod
2273 2073 2546 2160 quidam
2569 2044 2626 2158 (ἐξ
2641 2041 2975 2157 Iffisslffrg’ffiff

529 2179 849 2246 Ricardus
878 2180 1237 2266 Receyvor,
1258 2179 1470 2246 frater
1496 2201 1675 2257 suus,
1705 2179 1896 2246 cuius
1927 2179 2118 2244 heres
2146 2181 2288 2266 ipse
2317 2182 2436 2254 est,
2471 2197 2548 2242 eo
2572 2187 2769 2252 payver,
2802 2169 2977 2220 claim

520 2284 706 2370 quod
745 2284 919 2350 idem
951 2284 1273 2350 Ricardus
1318 2284 1486 2350 obiit
1529 2285 1673 2349 sine
1716 2283 1960 2349 herede
2005 2282 2088 2349 de
2133 2303 2399 2369 corpore
2427 2301 2549 2346 suo
2571 2235 2978 2353 ζῖᾱαῖωἶξᾱεῗέ

518 2393 833 2465 exeunte,
860 2388 998 2454 fuit
1040 2388 1303 2454 seisitus
1332 2389 1415 2454 de
1444 2387 1781 2473 mesuagio
1825 2387 2124 2474 predicto
2166 2408 2318 2453 cum
2348 2384 2550 2472 perti·
2577 2369 2660 2484 {3}-
2677 2366 2890 2482 222¹„ss-
2913 2366 2978 2416 ‘³⁰

530 2491 779 2557 nenciis
794 2493 868 2556 in
890 2491 1217 2557 dominico
1238 2511 1381 2569 suo,
1403 2495 1483 2556 ut
1506 2489 1588 2556 de
1610 2489 1833 2570 feod03
1864 2495 1934 2556 et
1953 2491 2364 2576 mesuagium
2383 2488 2553 2554 illud

518 2616 679 2660 -cum
708 2595 1134 2680 pertinenciis
1164 2594 1509 2660 dimissum
1534 2592 1595 2678 [f
1600 2593 1798 2679 uisse]
1815 2592 2132 2680 predictis
2164 2592 2447 2659 Ricardo
2469 2592 2554 2658 de

534 2697 934 2784 Webbeleye
973 2702 1043 2763 et
1086 2699 1331 2784 Agneti
1373 2697 1461 2763 ad
1504 2699 1865 2762 terminum
1900 2698 2040 2762 vite
2072 2718 2322 2774 eorum,
2365 2695 2556 2762 salva

529 2802 907 2868 revercione
950 2801 1245 2867 eiusdem
1292 2800 1612 2887 mesuagii
1660 2806 1815 2886 post
1867 2805 2148 2867 mortem
2196 2801 2554 2867 eorundem

533 2905 797 2972 Ricardi
829 2909 899 2970 et
925 2905 1209 2992 Agnetis
1230 2902 1492 2990 prefato
1516 2903 1799 2969 Ricardo
1828 2903 2183 2990 Receyvor‚
2209 2910 2278 2970 et
2297 2901 2553 2970 heredi-

532 3008 657 3075 bus
685 3009 864 3075 suis:
909 3015 979 3076 et
1005 3011 1101 3075 sic
1130 3008 1311 3086 dicit,
1341 3007 1521 3095 quod
1552 3007 1833 3094 predicti
1869 3007 2192 3075 Ricardus
2221 3013 2291 3075 et
2324 3009 2550 3094 Agnes

531 3118 763 3179 tenent
806 3114 1217 3199 mesuagium
1260 3112 1633 3199 predictum
1678 3113 1765 3177 ad
1820 3113 2183 3177 terminum
2232 3114 2373 3178 vite
2416 3134 2551 3190 sue,
2576 3142 2644 3192 fo.
2671 3140 2785 3194 879.

532 3218 903 3283 reversione
931 3221 1083 3303 post
1126 3220 1405 3282 mortem
1450 3215 1811 3281 eorundem
1855 3216 2129 3283 Ricardi
2159 3221 2230 3283 et
2273 3217 2552 3303 Agnetis

522 3319 623 3385 ad
678 3322 895 3408 ipsum
948 3320 1304 3386 Ricardum
1362 3324 1433 3385 et
1489 3319 1763 3385 heredes
1824 3341 1980 3385 suos
2039 3324 2421 3407 spectante3
2485 3324 2556 3385 et

536 3425 729 3509 petit,
758 3445 844 3489 ex
872 3444 1005 3509 quo
1035 3424 1223 3488 venit
1249 3427 1408 3488 ante
1436 3422 1777 3501 iudicium,
1809 3428 1950 3499 etc„
1985 3428 2258 3509 paratus
2289 3422 2557 3511 prefato

538 3526 789 3593 Abbati
837 3526 1247 3613 respondere,
1276 3532 1349 3592 et
1393 3528 1500 3591 ius
1544 3548 1741 3591 suum
1788 3524 2165 3604 defendere,
2193 3527 2374 3613 quod
2416 3528 2557 3613 ipse
2623 3566 2638 3585 ·

540 3652 676 3697 non
704 3632 976 3696 amittat
1002 3632 1109 3695 ius
1136 3652 1357 3710 suum,
1384 3630 1503 3696 sed
1550 3631 1731 3715 quod
1766 3630 2171 3697 admittatur
2198 3632 2284 3697 ad
2330 3629 2557 3696 defen·

526 3733 793 3799 cionem
851 3734 1017 3799 iuris
1061 3734 1188 3814 sui,
1246 3738 1316 3800 et
1354 3733 1775 3810 admittitur,
1836 3738 1956 3801 etc.
2077 3736 2169 3801 Et
2225 3734 2560 3821 predictus
2585 3763 2695 3813 'rho
2716 3761 2889 3813 Abbat

537 3836 767 3903 Abbas
817 3838 990 3924 petit
1041 3859 1270 3903 versus
1321 3858 1473 3902 eum
1525 3838 1945 3923 mesuagium
1991 3838 2364 3925 predictum
2407 3860 2560 3905 cum
2585 3829 2775 3879 ⁰¹⁸⁵&-

538 3942 980 4027 pertinenciis,
1008 3946 1088 4007 ut
1132 3942 1237 4007 ius
1270 3941 1555 4008 Ecclesie
1582 3966 1701 4009 sue
1745 3944 1954 4010 Beate
2007 3944 2219 4009 Maris
2249 3944 2562 4031 predicte,

526 4050 611 4110 et
651 4046 725 4111 in
768 4045 947 4131 quod
988 4045 1269 4132 predicti
1311 4044 1637 4113 Ricardus
1675 4048 1755 4113 de
1790 4046 2192 4133 Webbeleyc
2241 4053 2312 4113 et
2342 4049 2562 4133 Agnes

541 4170 676 4215 non
717 4149 969 4215 habent
1011 4151 1402 4235 ingressum,
1446 4150 1572 4215 nisi
1615 4172 1735 4238 per
1763 4150 2129 4217 Ricardum
2165 4151 2564 4236 Receyvour‚

540 4254 884 4327 iuniorem,
912 4254 1019 4318 cui
1052 4252 1373 4319 Ricardus
1402 4253 1765 4339 Receyvor‚
1794 4256 2033 4333 senior,
2067 4255 2240 4321 illud
2271 4256 2563 4332 dimisit3

530 4358 659 4443 ·qui
686 4357 841 4424 inde
870 4358 1117 4422 iniuste
1160 4362 1229 4422 et
1272 4357 1415 4423 sine
1459 4357 1704 4424 iudicio
1748 4359 2118 4425 disseisivit
2151 4358 2564 4425 Willelmum

544 4480 756 4546 nuper
762 4459 1094 4525 Abbatem
1103 4459 1187 4525 de
1198 4459 1736 4546 Wynchecumba
1752 4461 2273 4549 predecessorem
2282 4462 2566 4549 predicti

542 4584 721 4630 nunc
750 4562 1027 4630 Abbatis
1054 4568 1205 4649 post
1234 4564 1533 4649 primam,
1564 4569 1683 4631 etc.
1752 4565 1843 4631 Et
1879 4570 1962 4631 ut
1991 4566 2149 4631 inde
2179 4566 2360 4645 dicit,
2389 4567 2565 4651 quod

542 4667 879 4754 predictus
906 4666 1291 4745 willelmus,
1314 4688 1526 4754 nuper
1546 4668 1775 4735 Abbas
1805 4669 2243 4756 predecessor,
2263 4676 2403 4747 etc,
2431 4669 2568 4735 fuit

544 4772 809 4837 seisitus
868 4770 949 4836 de
1008 4770 1305 4857 predicto
1363 4772 1699 4858 mesuagio
1770 4780 1934 4839 cum'
2002 4773 2428 4860 pertinenciis
2493 4775 2566 4839 in

538 4875 877 4943 dominico
905 4896 1049 4955 suo,
1066 4878 1159 4941 ·ut
1186 4874 1271 4940 de
1299 4874 1494 4943 feodo
1516 4878 1587 4943 et
1615 4876 1765 4942 iure
1790 4876 2084 4944 Ecclesie
2102 4900 2225 4944 sue
2254 4878 2570 4966 predicte,
2589 4886 2614 4926 ·'
