3731 6032
2133 979 2264 1042 444

756 1149 1049 1200 ccccxv.
1186 1139 1467 1208 Plaoita
1494 1143 1701 1210 assisa
1728 1137 1894 1208 ‘nove
1921 1143 2278 1212 disseisine
2304 1143 2491 1211 &nter
2519 1143 2842 1210 Abbatem
2885 1137 3206 1227 Wynche·

1278 1245 1509 1312 cumbe
1538 1255 1598 1312 et
1616 1245 2090 1329 Reyimldum
2109 1243 2391 1314 Tannsr
2419 1249 2502 1314 dc
2529 1247 2761 1314 eadem
2789 1252 2848 1312 et
2875 1245 3206 1311 Thomam

1281 1347 1579 1425 Ταππεν,
1604 1349 1839 1430 filium
1868 1371 2099 1429 sumn,
2129 1359 2189 1418 et
2215 1351 2291 1416 K
2291 1353 2660 1428 acerinam,
2677 1371 2958 1416 uoeorem
2974 1367 3202 1426 swam,

1276 1451 1357 1517 de
1386 1451 1743 1518 duodecim
1771 1452 2146 1532 ‹lenam-atis,
2175 1476 2402 1542 nuper
2441 1455 2698 1539 Waqers
2727 1453 3090 1520 tenementi
3115 1453 3206 1518 i‘n

1292 1555 1834 1642 Wynchecamba.

1190 1721 1469 1788 Placita
1510 1743 1743 1788 coram
1785 1721 2068 1790 domino
2111 1723 2287 1808 Reye
2337 1723 2536 1810 apud
2580 1675 3072 1790 &comto-iata
3121 1721 3208 1785 ds

1278 1826 1573 1891 teo-mino
1604 1825 1847 1892 Sancti
1863 1824 2216 1892 Michaelis
2245 1848 2435 1892 anno
2463 1827 2663 1910 ‘requi
2695 1827 2887 1913 Reyis
2911 1824 3208 1893 aicardi

1278 1929 1585 1998 Secundi
1603 1937 1757 2016 post
1786 1929 2250 2014 Conquestum.

762 2074 943 2124 About
966 2073 1109 2123 1380.
1283 2067 1509 2132 Glouc.
1568 2067 1797 2132 Assisa
1850 2067 2042 2132 venit
2091 2073 2161 2132 et
2217 2067 2620 2154 recognovit,
2677 2067 2735 2131 si
2795 2064 3210 2152 Reginaldus

766 2140 1165 2254 (ἐζζξζῗζῗῂο.
1192 2171 1453 2236 Tanner
1471 2173 1553 2235 de
1564 2169 2104 2255 Wynchecumba
2122 2169 2482 2235 etThomas
2501 2171 2763 2235 Tanner
2781 2176 2850 2235 et
2867 2168 3210 2246 Katerina,

761 2270 847 2384 ἶσοι
878 2267 1171 2384 .ΔῖὶῦξῖὛὶ
1194 2295 1363 2339 uxor
1420 2275 1581 2350 eius,
1638 2273 1902 2349 iniuste,
1960 2279 2102 2349 etc„
2158 2274 2659 2339 disseisivenmt
2717 2273 3046 2338 Abbatem
3121 2272 3208 2336 de

770 2399 871 2458 w.‚
923 2415 967 2447 v.
1016 2397 1165 2456 Rogi-
1198 2376 1734 2463 Wynchecumba
1783 2377 1868 2442 de
1913 2377 2122 2442 libero
2173 2385 2550 2442 tenemento
2591 2399 2714 2442 suo
2756 2378 2824 2441 in
2873 2375 3206 2462 Wynche-

764 2462 1168 2586 ffffigefflffssss
1192 2481 1431 2547 cumba
1490 2489 1639 2567 post
1696 2483 1998 2566 primam,
2058 2487 2180 2547 etc.
2303 2481 2392 2547 Et
2449 2481 2606 2546 inde
2664 2482 2968 2566 queritur
3025 2479 3206 2565 quod

758 2596 863 2644 and
897 2593 1167 2676 cathegius
1192 2586 1618 2650 disseiserunt
1662 2607 1811 2650 eum
1846 2585 1928 2650 de
1959 2585 2303 2650 duodecim
2351 2585 2683 2649 denatatis
2727 2584 3026 2649 redditus
3055 2605 3204 2650 cum

764 2659 1057 2774 :bigo-latter
1075 2673 1102 2708 ⁸
1193 2690 1618 2774 pertinenciis
1650 2689 1721 2754 in
1744 2688 2304 2774 Wynchecumba.
2395 2687 2484 2752 Et
2513 2688 2794 2775 predicti
2825 2686 3109 2752 Thomas
3138 2691 3210 2751 et

1198 2793 1522 2858 Katerina
1548 2814 1683 2858 non
1713 2801 2065 2857 venerunt.
2157 2792 2276 2856 Set
2308 2791 2576 2876 quidam
2609 2791 2894 2857 Thomas
2929 2791 3206 2856 Beoeton

1196 2896 1549 2982 respondet
1576 2918 1697 2981 pro
1728 2897 1839 2972 eiS‚
1873 2901 2190 2981 tanquam
2237 2917 2458 2960 eorum
2505 2893 2810 2970 ballivus,
2839 2899 2909 2960 et
2951 2914 3070 2979 pro
3113 2894 3210 2958 eis

1199 3000 1379 3079 dicit,
1426 2999 1602 3087 quod
1645 2999 1771 3087 ipsi
1817 2998 2072 3065 nullam
2131 2999 2442 3064 iniuriam
2490 3020 2606 3064 seu
2665 2997 3076 3063 disseisinam
3128 2996 3212 3062 de

1200 3106 1468 3171 redditu
1520 3104 1813 3191 predicto
1860 3104 2074 3168 eidem
2127 3102 2373 3168 Abbati
2419 3102 2765 3177 fecerunt3
2827 3106 2895 3166 et
2955 3101 3038 3167 de
3087 3100 3210 3167 hoc

1202 3211 1396 3295 ponit
1453 3230 1523 3274 se
1580 3230 1777 3294 super
1834 3208 2127 3285 assisam,
2185 3213 2308 3273 etc.
2427 3206 2515 3271 Et
2573 3205 2908 3291 prodictus
2965 3204 3212 3281 Abbas,

1203 3313 1527 3378 similiter.
1616 3311 1707 3377 Et
1763 3311 2096 3396 predictus
2144 3310 2429 3377 Thomas
2486 3310 2560 3374 in
2618 3310 2885 3396 propria
2933 3329 3212 3395 persona

1202 3439 1325 3482 sua
1357 3418 1563 3493 venit,
1590 3420 1661 3481 et
1704 3416 1882 3493 dicit,
1915 3415 2094 3501 quod
2122 3417 2575 3480 tenementum
2621 3414 2690 3478 in
2723 3414 2873 3477 visu
2901 3413 3214 3499 positum,

1202 3520 1397 3597 unde,
1416 3524 1558 3596 etc„
1582 3525 1681 3584 est
1710 3540 1918 3583 unum
1950 3518 2376 3604 mesuagium,
2403 3522 2471 3582 et
2493 3522 2686 3582 extra
2705 3516 2974 3582 feodum
3005 3517 3213 3603 ipsius

1204 3624 1507 3689 Abbatis.
1596 3622 1685 3688 Et
1731 3624 1906 3709 petit
1954 3622 2295 3699 iudicium,
2340 3621 2398 3686 si
2455 3620 2633 3686 idem
2684 3620 2908 3686 Abbas
2965 3622 3213 3707 absque

1202 3727 1471 3815 speciali
1521 3725 1701 3792 facto
1752 3728 2024 3791 assisam
2070 3724 2228 3791 inde
2277 3724 2519 3789 habere
2572 3724 2830 3801 debeat,
2889 3728 3014 3791 etc.
3123 3724 3214 3789 Et

1201 3832 1536 3916 predictus
1564 3828 1789 3893 Abbas
1819 3829 2000 3904 dicit,
2027 3827 2206 3915 quod
2250 3829 2390 3914 ipse
2433 3835 2501 3892 et
2531 3828 3011 3913 predecessores
3039 3829 3140 3893 sui
3169 3848 3216 3893 a

1204 3944 1516 4021 tempore,
1561 3953 1693 4017 quo
1737 3954 1873 3998 non
1917 3938 2109 3997 extat
2159 3932 2490 4007 memoria,
2534 3930 2813 3997 fuerunt
2870 3932 3080 3998 seisiti
3129 3932 3213 3997 de

1202 4038 1464 4103 redditu
1499 4036 1813 4130 predicte,
1844 4042 1924 4101 ut
1952 4036 2035 4100 de
2079 4037 2224 4100 iure
2255 4036 2542 4101 Ecclesie
2583 4056 2701 4099 sue
2733 4034 2976 4101 Sancte
3005 4036 3215 4101 Marie

1203 4148 1272 4206 et
1324 4141 1553 4206 Sancti
1602 4137 1908 4204 Kenelmi
1959 4138 2042 4203 de
2087 4137 2636 4223 Wynchecumba.
2688 4139 3049 4224 aliquando
3099 4161 3216 4226 per

1205 4250 1636 4329 spontaneam
1695 4242 2096 4310 solucionem
2156 4242 2446 4307 tenentis
2497 4243 2861 4307 tenementi
2917 4243 3216 4329 predicti,

1205 4353 1274 4413 et
1346 4346 1727 4433 aliquand0‚
1814 4366 1963 4411 cum
2047 4345 2343 4411 redditus
2423 4346 2536 4411 ille
2613 4346 2820 4411 fuerit
2897 4367 2942 4411 a
3021 4351 3216 4423 retro,

1205 4456 1522 4537 ceperunt
1551 4448 2053 4526 districcionem,
2086 4471 2424 4536 quousque
2452 4449 2863 4515 satisfactum
2895 4449 3104 4525 fuerit
3131 4448 3214 4514 de

1206 4555 1470 4619 redditu
1501 4553 1812 4641 predicto.
1921 4553 2012 4619 Et
2053 4554 2149 4619 sic
2191 4552 2326 4619 fuit
2369 4553 2542 4619 idem
2575 4552 2801 4618 Abbas
2827 4553 2915 4629 de
2951 4553 3218 4620 redditu

1208 4658 1500 4745 predicto
1527 4658 1807 4735 seisitus,
1835 4677 2176 4744 quousque
2220 4657 2500 4743 predicti
2529 4656 2938 4743 Reginaldus
2981 4662 3078 4735 et⁶
3099 4656 3216 4723 alii

1208 4764 1424 4845 ipsum
1454 4761 1719 4837 iniuste,
1750 4766 1894 4839 etc,
1922 4761 2420 4826 dissaisiverunt
2464 4768 2534 4826 et
2579 4762 2746 4845 petit
2774 4762 3068 4839 assisam,
3095 4768 3220 4829 etc.

1209 4866 1298 4931 Et
1328 4864 1662 4953 predictus
1692 4863 1978 4931 Thomas
2011 4864 2190 4941 dicit,
2219 4865 2398 4951 quod
2426 4864 2604 4935 idem
2637 4865 2860 4931 Abbas
2889 4873 2960 4937 et
2985 4867 3218 4953 prede-
