3731 6032
1933 978 2168 1039 lxxxiv.

874 1152 1093 1226 Quieta
1118 1154 1443 1213 clamancia
1471 1154 1753 1231 Iohannis
1782 1155 2042 1217 Iankens
2069 1157 2144 1216 (16
2172 1156 2478 1236 Ιιγᾶεωιιο
2553 1174 2558 1181 ·

874 1250 1187 1311 Relaxacio
1215 1250 1499 1311 Iohannis
1524 1252 1769 1313 Athalle
1794 1253 1871 1312 de
1901 1252 2204 1331 Lydstone
2328 1287 2351 1299 -

875 1348 1059 1407 Carta
1084 1348 1367 1407 Willelmi
1393 1349 1636 1408 Athalle
1678 1350 1753 1409 de
1785 1348 2091 1427 Lydsbone

876 1444 1060 1504 Carta
1087 1444 1370 1505 Iohannis
1400 1446 1669 1506 Atbroke
1709 1446 1785 1506 (16
1814 1446 2099 1507 Chalford
2141 1468 2250 1527 pro
2291 1447 2596 1526 Lydstone
2639 1456 2702 1508 et

1043 1541 1446 1603 Bradenstone

882 1640 1065 1700 Carta
1096 1640 1380 1701 Iohannis
1405 1642 1481 1701 (16
1511 1642 1773 1701 Gai-dinc
1799 1662 1907 1721 pro
1935 1645 2118 1703 terris
2136 1644 2200 1701 in
2227 1642 2513 1703 Lidstone

884 1736 1219 1797 Herbertus
1245 1738 1320 1797 (16
1348 1738 1570 1799 Sancto
1598 1737 1891 1811 Quintino
1918 1759 2026 1818 pro
2054 1739 2309 1800 Lecches

884 1834 1221 1894 Herbertus
1247 1835 1323 1894 de
1356 1836 1574 1895 Sancto
1602 1835 1895 1909 Quintino
1920 1856 2031 1915 pro
2057 1837 2361 1897 Lecches-

882 1931 1185 2009 Scriptum
1215 1931 1499 1992 Iohannis
1526 1923 1754 1992 Lecche

882 2029 1193 2088 Concessio
1254 2030 1534 2089 Herberti
1581 2030 1657 2089 de
1708 2032 1932 2091 Sancto
1978 2031 2271 2105 Quintino
2331 2030 2586 2091 Ricando
2639 2032 2714 2091 (16

1042 2125 1268 2186 Lecche

882 2224 1063 2283 Carta
1092 2224 1255 2283 Petri
1281 2225 1355 2284 de
1388 2224 1815 2285 Wodmancobe
2001 2261 2022 2271 -
2345 2262 2364 2271 -

880 2322 1063 2382 Carta
1089 2322 1403 2381 indentata
1431 2322 1715 2382 Iohannis
1744 2324 2078 2384 Derehurst
2104 2325 2179 2384 de
2210 2323 2456 2383 Lecchis

879 2420 1062 2479 Carta
1091 2420 1355 2479 Iohanne
1382 2420 1716 2481 Derehurst
1742 2440 1851 2498 pro
1881 2421 2141 2487 Lecches

882 2518 1196 2577 Relaxacio
1222 2517 1449 2577 Thome
1477 2517 1810 2578 Derehurst
1836 2538 1946 2596 pro
1988 2521 2166 2579 terris
2191 2519 2267 2578 de
2297 2517 2523 2578 Lecche

882 2614 1064 2674 carta
1097 2615 1345 2677 Roberti
1382 2615 1458 2674 de
1499 2615 1657 2675 Alna
1696 2616 1771 2675 (16
1812 2616 2012 2676 tribus
2051 2618 2205 2677 acris
2254 2625 2318 2677 et
2357 2616 2608 2677 dimidia
2653 2618 2715 2674 in

1048 2708 1235 2793 me[d]
1265 2713 1540 2789 furlonge
1568 2721 1633 2772 et.
1662 2714 2054 2773 Kinredesled

886 2809 1281 2869 Excambium
1327 2812 1507 2869 unius
1554 2830 1689 2871 acre
1731 2812 1890 2871 inter
1933 2812 2264 2871 chricum
2303 2811 2604 2871 Abbatem
2655 2824 2719 2871 et·

1050 2905 1383 2966 Robertum
1410 2908 1485 2967 de
1514 2907 1698 2967 Bosco
1725 2908 1800 2967 de
1828 2908 1988 2967 Alna

885 3003 1069 3064 Carta
1098 3003 1462 3065 Roberto'de
1489 3004 1676 3066 Bosco
1705 3005 1779 3066 de
1807 3006 1966 3067 Alna
2005 3007 2081 3067 de
2121 3008 2423 3068 communi
2464 2980 2716 3086 pastura

1047 3101 1122 3160 de
1148 3104 1394 3162 assartis

886 3199 1343 3278 Cyrographum
1370 3202 1530 3260 inter
1556 3221 1665 3260 nos
1692 3209 1757 3260 et
1782 3202 2117 3262 Robertutn
2137 3200 2214 3262 de
2245 3169 2432 3263 Bosco
2459 3202 2535 3262 de
2562 3202 2716 3262 Alne

1052 3306 1116 3356 et
1143 3296 1217 3356 de
1245 3297 1327 3356 xli
1356 3300 1508 3357 acris

888 3393 1073 3453 Carta
1101 3393 1387 3454 Iohannis
1413 3394 1723 3456 Waltham
1748 3397 1823 3456 de
1854 3395 2118 3456 Roberto
2145 3395 2393 3458 Atwode
2421 3397 2496 3456 (16
2527 3397 2721 3456 Alne-

890 3491 1071 3552 Carta
1100 3491 1348 3551 Roberti
1373 3493 1450 3551 de
1477 3493 1661 3553 Bosco
1687 3495 1764 3554 (16
1795 3494 1949 3552 Alne
1977 3495 2052 3554 de
2083 3495 2378 3554 Gosacre-

892 3587 1075 3648 Carta
1106 3589 1352 3648 Roberti
1380 3589 1456 3648 de
1486 3590 1671 3650 Bosco
1698 3610 1808 3669 pro
1834 3593 2082 3651 assat-tis
2119 3591 2195 3651 de
2227 3593 2380 3651 Alne

894 3685 1079 3746 Carta
1129 3687 1376 3746 Roberti
1424 3687 1499 3747 de
1550 3689 1741 3749 Bosco
1792 3689 1868 3748 (16
1915 3689 2070 3748 Alne
2125 3701 2199 3749 ut
2253 3698 2565 3750 conservet
2620 3707 2728 3750 nos

1054 3785 1403 3864 indempnes
1430 3786 1505 3845 (16
1534 3787 1780 3846 assartis
1808 3791 1871 3845 in
1908 3787 2219 3848 Heleberw

896 3883 984 3942 De
1012 3893 1241 3960 septem
1269 3885 1421 3943 acris
1448 3891 1607 3944 terre
1636 3885 1886 3944 Roberti
1913 3885 1988 3944 (16
2025 3885 2208 3946 Bosco
2233 3886 2308 3945 de
2335 3886 2490 3946 Alne

896 3981 1255 4059 Radulphus
1280 3981 1485 4048 Abbas
1511 3981 1586 4041 de
1612 3984 1879 4060 quinque
1907 3985 2059 4044 acris
2087 3993 2150 4045 et
2175 3984 2422 4043 dimidia
2450 3984 2595 4046 roda

900 4079 1232 4162 Indentura
1260 4079 1509 4138 Roberti
1536 4079 1611 4138 (16
1640 4080 1699 4138 la
1728 4079 1924 4139 Grene
2014 4115 2037 4124 -

899 4175 1283 4252 *[Eugenius
1322 4177 1397 4236 de
1441 4179 1810 4262 processione
1838 4177 2200 4238 villanorum
2235 4179 2311 4238 de
2341 4178 2732 4258 Honybornia

1059 4273 1135 4332 ad
1165 4272 1461 4332 Evesham

900 4369 990 4429 De
1020 4369 1265 4448 Capella
1291 4370 1365 4429 de
1400 4370 1789 4448 Honybornia
2365 4407 2386 4416 -

897 4466 990 4526 De
1018 4468 1323 4527 reddit-um
1352 4469 1532 4527 unius
1560 4487 1754 4528 marce
1781 4470 1857 4529 de
1886 4468 2129 4546 Capella
2153 4471 2230 4530 (16
2258 4471 2653 4549 Honybornia
2707 4503 2728 4513 -

901 4563 1270 4643 Composicio
1316 4567 1475 4625 inter
1522 4566 1956 4626 Monasterium
2007 4567 2082 4626 (16
2135 4568 2627 4647 Wynchecumbe
2669 4575 2734 4627 et

1065 4663 1379 4724 Rectorem
1406 4663 1481 4721 de
1527 4663 1861 4742 Hallynges

2684 1191 2707 1200 -
2788 1157 3057 1217 ccccxcii.
3103 1174 3110 1181 ·

2680 1288 2699 1297 -
2786 1254 3074 1313 ccccxciii.

2788 1352 3074 1411 ccccxciv.
3129 1392 3147 1423 ⁸.

2690 1579 2711 1588 -
2765 1562 3090 1617 -ccccxcvs
3157 1564 3180 1599 .-

2686 1680 2706 1689 -
2788 1644 3072 1703 ccccxcvi.
3108 1660 3112 1665 ’
3160 1663 3172 1718 j

2681 1773 2700 1782 -
2783 1740 3092 1799 ccccxcvii.

2688 1870 2703 1879 -
2789 1836 3112 1895 ccccxcviii.
3141 1854 3160 1907 χ

2688 1968 2708 1975 -
2790 1933 3072 1992 ccccxcix.

2690 2162 2710 2170 -
2791 2128 2848 2187 d.

2689 2262 2708 2271 ·
2791 2226 2870 2285 di.

2691 2357 2711 2366 -
2793 2323 2895 2382 dii.

2693 2456 2706 2463 -
2787 2421 2908 2479 diii.

2689 2552 2710 2561 -
2789 2518 2905 2577 div.

2692 2747 2713 2756 -
2794 2714 2892 2772 dv.

2697 2942 2714 2954 ·
2799 2906 2918 2965 dvi.

2793 3105 2935 3164 dvii.

2698 3333 2719 3343 -
2799 3299 2960 3358 dviii.

2802 3396 2917 3455 dix.

2701 3528 2721 3536 -
2803 3495 2894 3554 dx.

2706 3627 2726 3634 -
2804 3593 2922 3650 dxi.

2705 3822 2724 3830 -
2805 3787 2944 3845 dxii.

2705 3919 2723 3928 -
2805 3884 2965 3943 dxiii.

2701 4018 2721 4025 -
2803 3984 2966 4041 dxiv,

2705 4115 2728 4126 -
2807 4081 2942 4138 dxv.

2707 4309 2727 4318 -
2808 4274 2969 4333 dxvi.

2710 4407 2730 4414 -
2809 4371 2993 4430 dxvii.

2809 4468 3010 4548 dxviii.

2716 4700 2734 4708 -
2817 4665 2973 4723 dxix.

1176 4888 1207 4920 ὓ
1244 4886 1384 4952 [The
1418 4889 1588 4938 Index
1622 4888 1755 4938 ends
1787 4891 1931 4952 hex-e,
1965 4890 2060 4941 the
2093 4895 2206 4941 rest
2239 4891 2286 4941 is
2319 4891 2493 4941 added
2524 4891 2666 4940 from
2699 4891 2792 4939 the
2826 4887 2986 4952 texe]
