3731 6032
1951 949 2167 1038 μαχῇ.

896 1125 986 1184 De
1013 1135 1186 1203 prato
1215 1133 1424 1186 vocato
1454 1125 1826 1186 Kadeamede

893 1223 1196 1302 Scriptum
1224 1223 1423 1283 Iacobi
1455 1224 1810 1283 Addet-wine
1837 1224 1914 1283 de
1937 1223 2372 1285 Kadiesmede·

892 1321 985 1380 De
1012 1329 1173 1381 terra
1199 1322 1274 1381 de
1304 1322 1737 1382 Chaddismede
2010 1357 2024 1367 ·

891 1420 1075 1481 Carta
1111 1421 1375 1480 Iohanne
1418 1421 1473 1481 le
1514 1421 1769 1498 Speneer
1808 1422 1971 1481 facta
2012 1420 2281 1479 Iohanne
2322 1421 2398 1480 de
2440 1421 2500 1479 la
2535 1420 2722 1481 Wode

1055 1519 1129 1578 de
1157 1525 1502 1579 tenemento
1536 1520 1598 1577 in
1641 1519 2008 1580 Beteretrete
2048 1520 2219 1578 iuxta
2263 1519 2572 1591 venellam,
2603 1538 2721 1595 que

1054 1616 1225 1676 ducit
1249 1616 1328 1675 ad
1354 1616 1763 1676 molendinum
1790 1616 2048 1677 Abbatis

890 1714 1073 1775 Carta
1126 1714 1410 1775 Iohannis
1455 1715 1531 1774 de
1585 1715 1644 1773 la
1690 1713 1880 1774 Wode
1926 1716 2089 1775 facta
2134 1715 2376 1774 domino
2430 1713 2713 1785 Waltero,

1054 1812 1390 1891 capellano,
1458 1812 1534 1872 de
1603 1820 1948 1873 tenemento
2015 1814 2079 1871 in
2147 1813 2478 1872 Beterstret
2550 1813 2718 1871 iuxta

1051 1911 1362 1982 venellam,
1405 1930 1523 1988 que
1562 1910 1734 1969 ducit
1772 1910 1850 1969 ad
1895 1910 2302 1982 molendinum
2341 1909 2598 1970 Abbatis

889 2008 1071 2069 Carta
1112 2009 1371 2068 Matthei
1410 2008 1467 2069 le
1508 2009 1768 2086 Spencer
1815 2009 1978 2069 facta
2025 2009 2293 2086 predicto
2334 2007 2603 2067 Waltero
2645 2008 2720 2067 de

1053 2107 1321 2185 predicto
1348 2113 1693 2165 tenemento
1996 2140 2017 2149 -
2349 2140 2370 2149 -

892 2204 1073 2265 Carta
1098 2204 1323 2263 domini
1353 2202 1605 2263 Walteri
1634 2203 1940 2280 capellani
1967 2205 2042 2264 de
2070 2204 2337 2282 predicto
2367 2210 2717 2263 tenemento

889 2303 1108 2376 Quieta
1144 2301 1471 2361 clamancia
1510 2300 1769 2360 Matthei
1812 2300 1870 2360 le
1910 2301 2217 2379 dispenset·
2261 2303 2425 2362 facta
2471 2302 2716 2361 domino

1051 2398 1333 2467 Waltero,
1366 2398 1704 2476 Capellam,
1734 2398 1810 2457 de
1837 2398 2108 2476 predicto
2135 2406 2483 2458 tenemento

890 2497 981 2558 De
1009 2498 1360 2575 pitanciario.
1397 2495 1751 2573 Bondesleye'

890 2596 982 2655 De
1010 2595 1216 2655 eadem
1310 2628 1331 2637 -

890 2692 983 2751 De
1011 2692 1219 2751 eadem
1306 2725 1329 2735 ·

890 2790 983 2849 De
1010 2789 1219 2849 eadem
1312 2824 1332 2833 -

891 2888 983 2947 De
1010 2887 1218 2947 eadem
1304 2920 1326 2931 ·

891 2985 983 3045 De
1012 2984 1219 3044 eadem
1308 3019 1327 3028 -

892 3083 983 3142 De
1008 3082 1244 3142 duabus
1271 3083 1424 3142 acris
1450 3083 1512 3141 in
1541 3082 2004 3143 Portmenhame

890 3180 1205 3240 Relaxacio
1231 3199 1337 3258 pro
1374 3181 1834 3241 Portmenhame

889 3278 1072 3337 Carta
1098 3296 1168 3336 ex
1196 3277 1573 3338 habundanti
1600 3278 1675 3337 de
1704 3298 1828 3338 una
1852 3299 1991 3338 acra
2019 3280 2190 3338 iuxta
2217 3277 2566 3337 Cadismede

890 3375 1073 3434 Carta
1098 3375 1174 3434 de
1202 3394 1325 3433 una
1351 3393 1488 3435 acra
1518 3377 1687 3435 iuxta
1713 3376 2107 3436 Gaddismede

892 3473 1073 3533 Carta
1113 3473 1189 3531 de
1231 3472 1509 3532 undecim
1548 3474 1745 3534 buttis
1785 3490 1849 3534 et
1893 3494 2014 3533 uua
2054 3475 2249 3532 foret-a
2305 3476 2369 3532 in
2428 3471 2716 3532 Lutlewel

1056 3571 1324 3648 foi-longe

889 3668 1071 3728 Carta
1096 3667 1171 3727 de
1201 3668 1476 3728 undecim
1503 3676 1567 3727 et
1594 3689 1715 3728 uua
1742 3671 1938 3728 forera
1964 3670 2027 3728 in
2058 3669 2403 3730 Lutlewelle
2445 3669 2714 3746 forlonge

888 3765 1071 3825 Carta
1099 3765 1381 3824 Iohannis
1410 3765 1653 3825 Mai-tell
1681 3767 1844 3826 facta
1871 3767 2127 3827 Ricardo
2152 3767 2228 3826 de
2257 3768 2645 3845 Tycheborne
2691 3799 2712 3809 -

888 3862 1071 3922 Carta
1098 3863 1391 3921 Bertrami
1420 3862 1779 3941 Brekespere
1806 3866 1968 3924 facta
1996 3864 2250 3924 Iohanni
2285 3865 2346 3922 M
2349 3865 2525 3924 artell

888 3959 1071 4018 Carta
1098 3959 1317 4019 Edithe
1346 3960 1402 4018 le
1430 3960 1686 4020 Ferrour
1710 3963 1785 4021 de
1813 3980 1938 4021 una
1965 3983 2104 4022 acra
2130 3970 2298 4023 extra
2341 3962 2617 4021 clausum
2645 3961 2720 4019 de

1053 4057 1362 4116 Corndene

890 4153 983 4212 De
1014 4162 1172 4214 terra
1200 4154 1253 4212 le
1283 4155 1523 4226 Ferour,
1553 4156 1760 4215 decem
1791 4157 1946 4216 acris
1973 4165 2131 4217 terre

895 4250 985 4310 De
1014 4259 1173 4310 terra
1200 4252 1256 4310 le
1285 4253 1522 4326 Ferour,
1554 4255 1817 4331 quinque
1846 4255 2000 4314 acris

892 4349 1075 4408 Carta
1152 4349 1371 4408 Edithe
1439 4350 1495 4409 le
1566 4351 1789 4411 Ferour
1854 4351 1931 4412 de
1999 4352 2260 4429 quadam
2327 4352 2534 4430 placia,
2606 4369 2722 4428 que

1058 4447 1455 4525 appellatur‘
1462 4448 1552 4508 ‘le
1602 4449 1880 4509 Ferour”

894 4542 1077 4604 Carta
1106 4543 1326 4605 Edithe
1353 4546 1411 4605 le
1440 4546 1699 4605 Ferroui·
1724 4547 1800 4606 de
1828 4565 2038 4606 manso
2064 4566 2174 4608 suo
2199 4549 2264 4606 in
2291 4547 2468 4607 Cotes
2497 4557 2559 4608 et
2585 4547 2718 4608 aliis

1062 4650 1135 4702 ut
1171 4651 1342 4721 patet
1664 4677 1687 4688 -

897 4740 1080 4801 Carta
1096 4741 1380 4801 Iohannis
1400 4742 1475 4801 de
1484 4742 1769 4802 Wottone
1790 4745 1952 4803 facta
1973 4744 2228 4803 Ricardo
2246 4743 2322 4802 de
2335 4678 2723 4822 'I'ycheborne

895 4839 1078 4899 Carta
1106 4839 1370 4898 Iohanne
1398 4840 1473 4900 de
1495 4839 1780 4900 Wottone
1810 4843 1972 4901 facta
1991 4841 2244 4901 Ricardo
2263 4841 2338 4900 de
2359 4841 2724 4900 Ticheborne

2707 1164 2728 1173 -
2810 1145 3117 1186 ccccxxxv.

2701 1259 2722 1267 -
2804 1224 3129 1284 ccccxxxvi.

2701 1356 2722 1365 —
2807 1322 3152 1382 ccccxxxvii.

2693 1650 2712 1659 -
2793 1616 3148 1676 ccccxxxviii

2693 1943 2715 1953 -
2795 1910 3127 1969 ccccxxxix.

2705 2142 2723 2150 -
2805 2105 3017 2165 ccccxl.

2799 2204 3032 2263 ccccxli.

2692 2432 2712 2441 -
2799 2397 3054 2457 ccccxlii.

2689 2532 2711 2540 -
2793 2495 3070 2555 ccccxliii.

2701 2628 2722 2636 -
2807 2593 3084 2653 ccccxliv.

2697 2728 2716 2735 -
2801 2690 3050 2749 ccccxlv.

2694 2824 2711 2833 -
2798 2788 3068 2848 ccccxlvi.

2696 2921 2717 2929 -
2799 2885 3098 2945 ccccxlvii.

2695 3021 2715 3030 -
2798 2982 3118 3044 ccccxlviii.

2694 3116 2713 3124 -
2795 3082 3069 3141 ccccxlix.

2699 3213 2714 3220 -
2801 3179 2973 3238 ccccl.

2692 3311 2711 3318 -
2795 3277 2992 3336 ccccli.

2695 3407 2715 3417 -
2799 3374 3010 3434 cccclii.

2699 3604 2714 3614 ·
2801 3569 3040 3628 ccccliii.

2797 3666 3044 3726 ccccliv.-

2797 3765 3010 3824 cccclv.

2688 3897 2708 3906 -
2794 3861 3035 3922 cccclvi.

2703 4093 2724 4101 -
2809 4057 3062 4116 cccclvii.

2695 4191 2715 4199 -
2795 4154 3070 4215 cccclviii.

2701 4287 2721 4296 -
2803 4252 3033 4312 cccclix.

2693 4483 2712 4493 ·
2795 4447 3004 4507 cccclx.

2703 4678 2723 4687 -
2803 4643 3034 4703 cccclxi.

2805 4739 3058 4800 cccclxii.

2807 4838 3084 4899 cccclxiii.
