3731 6032
1697 913 1903 982 lxxix.

647 1091 830 1151 Carta
857 1090 1140 1151 Willelmi
1169 1091 1226 1150 16
1253 1090 1364 1151 Vel
1392 1091 1468 1151 de
1496 1092 1987 1171 wynohecumba
2187 1125 2208 1134 -
2532 1124 2553 1134 -
2634 1089 2815 1150 ccclx.

644 1187 740 1248 De
765 1195 926 1248 terra
953 1188 1240 1249 Iohannis
1267 1189 1530 1268 Petycru
1692 1223 1706 1240 ·
1843 1223 1864 1232 —
2189 1222 2210 1231 -
2532 1221 2553 1230 -
2634 1188 2835 1247 ccclxi.

643 1285 962 1346 Mulstrete
1150 1320 1172 1330 —
1497 1321 1518 1331 -
2190 1317 2205 1328 -
2532 1321 2547 1326 -
2632 1285 2852 1344 ccclxii.

642 1383 826 1444 Carta
852 1384 1136 1444 Iohannis
1161 1384 1236 1446 (16
1265 1385 1325 1444 la
1353 1385 1570 1464 Haye
1554 1405 1618 1445 in
1645 1320 2197 1464 Wynchecumba-
2526 1416 2548 1426 -
2636 1384 2877 1443 ccclxiii.

643 1479 736 1539 De
761 1481 1056 1542 sexdecim
1081 1481 1349 1542 solidatis
1376 1484 1562 1542 annui
1591 1482 1862 1542 redditus
1891 1480 2177 1540 Iohannis
2202 1480 2277 1538 de
2306 1479 2483 1558 Haya
2526 1512 2545 1522 -
2628 1479 2866 1540 ccclxiv.

642 1577 945 1656 Scriptum
991 1578 1120 1639 Ado
1168 1579 1406 1658 Sparwe
1447 1580 1524 1640 de
1569 1598 1695 1640 una
1741 1599 1880 1640 acra
1926 1578 2087 1657 apud
2131 1576 2427 1718 Pirydone
2468 1578 2546 1637 ad

804 1677 1131 1736 terminum
1156 1677 1233 1736 xl.
1265 1696 1562 1738 annorum
1835 1711 1856 1720 -
2526 1710 2545 1719 -
2627 1677 2845 1736 ccclxv.

641 1773 824 1833 Carta
849 1774 924 1834 de
951 1774 1189 1852 Sparwe
1831 1809 1850 1819 ·
2176 1807 2197 1816 ·
2520 1808 2541 1817 -
2622 1773 2860 1832 ccclxvi.

641 1869 732 1930 De
760 1889 880 1930 uno
908 1873 1213 1948 mesuagio
1239 1868 1722 1951 Wynchecumbe
1832 1904 1855 1913 -
2178 1905 2201 1914 ·
2523 1904 2544 1913 -
2624 1871 2885 1930 ccclxvii.

637 1967 821 2028 Carta
845 1968 975 2029 Ado
1001 1970 1193 2047 patris
1220 1969 1446 2028 Thome
1473 1969 1843 2048 Carpenter-
2179 2003 2191 2013 ·
2520 2002 2540 2011 -
2622 1969 2910 2028 ccclxviii.

637 2066 856 2139 Quieta
881 2066 1208 2126 clamancia
1236 2066 1462 2126 Thome
1489 2067 1819 2146 Carpenter
2174 2102 2189 2111 ·
2516 2099 2537 2108 ·
2618 2066 2854 2126 ccclxix.

636 2164 820 2224 Carta
847 2165 1131 2224 Iohannis
1161 2164 1436 2226 Blundell
1465 2165 1540 2225 de
1569 2185 1692 2225 uno
1718 2167 2025 2243 mesuagio
2172 2199 2191 2208 —
2519 2199 2535 2208 -
2620 2163 2835 2224 ccclxx.

637 2261 853 2336 Quieta
880 2263 1207 2322 clamancia
1233 2262 1460 2322 Amicie
1487 2263 1607 2324 filie
1637 2264 1894 2324 Gilberti
1922 2264 2076 2323 fabri
2103 2264 2179 2323 de
2212 2262 2438 2340 Hayles
2466 2262 2541 2321 de

796 2377 917 2417 uno
969 2359 1274 2434 mesuagio
1327 2360 1392 2417 in
1446 2357 1667 2435 Magno
1723 2358 1870 2418 Vico
1938 2361 2097 2419 inter
2166 2359 2537 2434 mesuagium

797 2451 1130 2536 Pann[a1·]ii
1158 2463 1223 2514 et
1249 2455 1544 2516 Tinctoris
2523 2488 2544 2498 -
2626 2455 2865 2516 ccclxxi.

631 2550 943 2612 Concessio
985 2552 1240 2612 Abbatis
1294 2560 1358 2613 et
1405 2554 1754 2613 Conventus
1800 2554 1877 2613 (16
1926 2552 2415 2631 Wynchecumba
2464 2552 2541 2612 de

793 2651 1054 2727 quodam
1083 2657 1427 2710 tenemento
1454 2652 1516 2711 in
1545 2650 2036 2730 Wynchecumba
2063 2650 2191 2710 Ade
2220 2651 2275 2710 16
2303 2649 2534 2709 Walis-
2616 2651 2873 2710 ccclxxii.

628 2747 1079 2826 Transcriptum
1120 2755 1284 2808 carte
1325 2768 1509 2826 quam
1537 2748 1877 2808 Willelmus
1918 2749 1974 2807 16
2018 2748 2353 2827 Despenser
2391 2748 2537 2808 fecit

797 2844 1050 2905 Iohanni
1077 2845 1155 2904 de
1183 2846 1492 2919 Stantone,
1513 2847 1678 2906 dicto
1697 2842 2021 2926 Mull[er]e,
2045 2853 2110 2905 et
2135 2845 2337 2905 Abbas
2353 2845 2539 2904 habet

791 2949 1207 3002 tenementum
1225 2943 1376 3003 illud
1397 2963 1506 3023 per
1524 2953 1818 3004 escaetam
1846 2945 1989 3022 quia
2006 2945 2061 3002 16
2084 2939 2395 3025 ·Mull[er]e
2415 2943 2538 3002 fuit

789 3060 996 3101 servus
1025 3041 1279 3101 Abbatis
1307 3052 1372 3102 ct
1398 3042 1454 3101 le
1485 3042 1834 3120 Despenser‚
1869 3050 1981 3101 etc.
2168 3076 2189 3085 -
2514 3075 2534 3084 -
2616 3041 2893 3100 ccclxxiii.

625 3136 808 3198 Carta
838 3140 1122 3199 Iohannis
1149 3140 1205 3199 16
1233 3139 1421 3200 Walis
1449 3141 1613 3200 facta
1639 3140 1865 3200 Thcme
1893 3140 1969 3199 de
1997 3140 2185 3199 Walis
2512 3172 2531 3183 -
2612 3140 2888 3199 ccclxxiv.

624 3237 936 3297 Concessio
977 3240 1102 3297 sive
1143 3238 1434 3298 relaxacio
1475 3238 1760 3298 Iohannis
1804 3240 1858 3297 le
1886 3238 2075 3297 Walis
2116 3239 2277 3297 facta
2309 3236 2535 3296 Thome

789 3336 846 3395 16
881 3336 1068 3395 Walis
1129 3372 1152 3381 -
2512 3371 2532 3380 -
2613 3336 2866 3396 ccclxxv.

623 3432 806 3494 Carta
832 3433 1058 3493 Thome
1085 3434 1141 3494 16
1168 3434 1357 3493 Walis
1383 3436 1549 3495 facta
1573 3436 1799 3495 Thome
1827 3435 1903 3494 (16
1932 3435 2243 3513 Teyntone
2509 3469 2529 3478 -
2612 3433 2891 3493 ccclxxvi.

629 3532 940 3592 Relaxacio
987 3533 1214 3592 Thome
1282 3533 1596 3611 Teyntone
1649 3532 1875 3592 Abbati
1925 3541 1990 3592 et
2057 3533 2397 3592 conventui
2452 3531 2528 3590 de

789 3629 1278 3708 Wynchecumba
1467 3666 1487 3675 -
1819 3664 1834 3675 ·
2163 3665 2181 3675 -
2509 3661 2529 3672 ·
2611 3630 2911 3689 ccclxxvii.

619 3728 802 3789 Carta
830 3728 1114 3788 Iohannis
1143 3730 1367 3788 Panter
1394 3736 1458 3788 et
1485 3729 1762 3807 Symonis
1791 3728 1903 3807 Iay
1928 3729 2005 3789 de
2032 3748 2155 3789 uno
2181 3736 2527 3789 tenemento

785 3844 924 3885 cum
951 3826 1312 3903 curtilagio
1296 3846 1358 3885 m
1387 3826 1446 3884 N
1449 3826 1776 3887 orthstrete
1819 3860 1840 3869 -
2510 3860 2530 3869 -
2614 3826 2936 3886 ccclxxviii.

621 3924 804 3984 Carta
853 3925 920 3979 W
928 3923 1136 3983 illelmi
1177 3924 1370 4002 'Pi-acy
1411 3924 1486 3983 (16
1529 3925 1885 4004 Todyntone
1934 3925 2008 3984 de
2056 3925 2316 4002 quodam
2366 3932 2528 3984 tene·

785 4028 989 4081 mento
1017 4022 1080 4081 in
1110 4022 1169 4080 N
1171 4022 1498 4082 orthstrete
1815 4056 1836 4065 -
2505 4057 2523 4067 -
2608 4022 2880 4083 ccclxxix.

622 4118 937 4179 Relaxacio
997 4118 1262 4179 Dionisie
1315 4121 1517 4179 uxoris
1571 4120 1862 4198 Stephani
1930 4120 2006 4179 de
2062 4056 2384 4199 Totlynton
2452 4120 2529 4179 (16

781 4216 1052 4294 predicto
1093 4225 1494 4278 tenemento·
1817 4252 1837 4261 -
2507 4248 2528 4257 -
2609 4218 2866 4277 ccclxxx.

621 4316 802 4375 Carta
828 4315 1095 4375 Iohanne
1123 4316 1441 4375 Punchard
1469 4317 1544 4377 (16
1571 4335 1694 4375 uno
1721 4318 2082 4395 curtilagio‘
2067 4336 2129 4375 m
2158 4317 2420 4377 Colstret
2499 4351 2520 4362 -
2601 4316 2851 4375 ccclxxx.

620 4414 710 4473 De
736 4414 972 4471 duobus
1000 4414 1358 4473 tenementis
1385 4416 1449 4472 in
1479 4414 1846 4474 Beterstrete
1876 4420 1939 4474 et
1967 4414 2283 4493 Mylstrete
2498 4445 2523 4463 -
2602 4413 2878 4473 ccclxxxi.

619 4512 711 4571 De
738 4520 1084 4571 tenemento
1109 4512 1448 4589 Margarete
1477 4512 1780 4589 quondam
1820 4513 1940 4572 filie
1984 4512 2267 4572 Iohannis
2310 4512 2529 4571 Thurs·

782 4618 966 4688 teyne
1125 4642 1146 4652 -
1469 4642 1492 4653 ·
1815 4643 1836 4652 -
2162 4647 2181 4656 -
2506 4644 2527 4653 -
2608 4610 2906 4669 ccclxxxiii

619 4707 710 4767 De
740 4727 860 4767 uno
887 4709 1191 4785 mesuagio
1217 4708 1282 4766 in
1312 4708 1676 4768 Beterstrete
1818 4744 1832 4750 -
2169 4748 2177 4751 —
2509 4742 2527 4751 -
2613 4708 2931 4767 ccclxxxiv.

621 4806 716 4865 De
743 4825 869 4865 una
894 4806 1086 4884 placia
1115 4813 1272 4865 terre
1299 4806 1363 4865 in
1390 4806 1756 4866 Beterstrete
1815 4842 1832 4852 ·
2164 4840 2181 4849 -
2506 4838 2525 4849 —
2606 4806 2903 4866 ccclxxxv.
