3731 6032
1539 1036 1621 1103 71

577 1198 779 1279 inde3
821 1202 893 1266 in
939 1202 1240 1267 terminis
1298 1201 1393 1266 eis
1443 1198 1529 1266 ad
1586 1198 1712 1265 hoc
1770 1218 1888 1285 per
1931 1196 2185 1263 dictum
2243 1196 2586 1273 Thomam,
2610 1207 2814 1286 Joymde
2828 1207 3009 1258 cham

578 1304 990 1385 Auditorem‚
1029 1306 1389 1371 successive
1426 1307 1496 1369 et
1537 1300 1973 1389 peremptorie
1995 1300 2399 1385 ‘assignatis3
2439 1304 2587 1365 tan-
2611 1276 2716 1325 *²¹¹⁸
2741 1278 2962 1324 rotuma-

578 1404 751 1481 dem,
797 1408 1096 1493 prefatus
1142 1407 1489 1485 Iohannes,
1526 1404 1813 1471 Auditor
1863 1403 1952 1469 ad
2003 1403 2276 1469 eandem
2323 1402 2590 1469 Curiam

586 1530 898 1589 reversus,
936 1512 1023 1576 ad
1066 1510 1341 1598 predicti
1384 1509 1651 1577 Ricardi
1694 1507 2142 1574 Procuratoris
2183 1508 2593 1588 instanciam,

581 1612 916 1697 prefatum
945 1614 1325 1688 Iohannem,
1359 1614 1816 1690 substitutum,
1846 1610 1936 1677 ad
1977 1610 2492 1679 concludendum
2526 1620 2595 1679 et

578 1721 883 1786 concludi
913 1719 1267 1785 videndum
1307 1720 1380 1783 in
1419 1738 1615 1785 causa
1661 1713 2058 1792 huiusmodi,
2090 1718 2196 1784 vel
2242 1717 2593 1783 dicendum

578 1843 845 1889 causam
876 1824 1355 1901 racionabilem,
1382 1844 1580 1905 quare
1598 1823 1672 1887 in
1700 1843 1779 1887 ea
1807 1823 2110 1889 concludi
2141 1844 2274 1889 non
2309 1823 2596 1888 deberet,

581 1948 701 2011 per
730 1928 1057 2013 quendam
1083 1927 1428 1994 Cursorem
1458 1930 1756 1991 nostrum
1801 1927 1992 1991 citari
2039 1925 2198 1992 fecit
2230 1928 2312 1991 ad
2344 1930 2590 1991 certam
2617 1936 2842 1987 Citation
2863 1940 3020 1999 tenp-

580 2033 941 2095 terminum
993 2030 1504 2117 peremptorium
1557 2034 2074 2116 competentem3
2117 2030 2182 2094 in
2236 2051 2380 2114 quo¹
2414 2030 2590 2094 dicto
2617 2018 2846 2131 {32¹an
2889 2081 2976 2131 ap·

582 2133 884 2213 Ricardo,
915 2135 1359 2213 Procuratore,
1393 2154 1611 2198 coram
1642 2133 1785 2218 ipso
1824 2132 2129 2210 Iohanne,
2165 2134 2490 2208 Auditore,
2521 2134 2591 2197 in
2617 2148 2774 2209 penge.
2859 2196 2872 2208 ,
2965 2195 3021 2245 b-

582 2237 826 2303 iudicio
877 2243 1312 2325 comparente,
1371 2241 1440 2301 et
1496 2235 1775 2322 predicti
1838 2236 2168 2314 Iohannis,
2231 2236 2598 2327 substituti,
2619 2198 3027 2312 ἰαζῗῗὲέοέη.
3095 2266 3107 2277 ·

583 2362 717 2406 non
776 2342 1213 2427 comparentis
1264 2340 1741 2405 contumaciam
1795 2348 2160 2417 accusante,
2209 2345 2278 2405 et
2330 2340 2401 2404 in
2455 2341 2596 2405 eius
2622 2326 2917 2378 tumacioun.

503 2512 507 2515 ,
582 2447 1083 2523 contumaciam,
1129 2445 1201 2508 in
1259 2442 1635 2508 huiusmodi
1696 2463 1892 2508 causa
1948 2443 2248 2509 concludi
2309 2448 2600 2525 petente,

588 2553 986 2613 memoratus
1006 2546 1351 2622 IohanneS,
1362 2546 1659 2624 Auditor,
1667 2552 1982 2632 reputans
1992 2548 2207 2633 ipsum
2221 2548 2602 2626 Iohannem,

582 2652 1045 2728 substitutum,
1104 2649 1321 2736 quoad
1396 2655 1617 2715 actum
1692 2648 2085 2727 huiusmodi,
2153 2657 2352 2737 prout
2434 2658 2598 2732 erat,

586 2755 822 2819 merito
865 2762 1332 2831 contumacem,
1363 2754 1435 2817 in
1485 2753 1624 2817 eius
1680 2755 2179 2831 contumaciam,
2219 2776 2367 2821 cum
2422 2757 2598 2823 dicto

588 2857 889 2933 Ricardo,
918 2857 1364 2934 Procuratore‚
1384 2858 1455 2920 in
1478 2856 1723 2941 [causa]
1747 2855 2124 2924 huiusmodi
2147 2859 2599 2932 concludente,

584 2961 906 3028 conclusit
929 2966 997 3027 et
1018 2960 1257 3027 habuit
1280 2982 1397 3048 pro
1420 2959 1749 3027 concluso:
1796 2965 1864 3026 et
1888 2961 1972 3026 ad
1995 2961 2285 3028 eiusdem
2316 2964 2596 3041 Ricardi,
2619 2974 2706 3026 fol.
2735 2976 2812 3026 54.

590 3065 1052 3139 Procuratoris,
1103 3066 1515 3142 instanciam,
1587 3065 1948 3150 predictum
2009 3065 2390 3144 Iohannem,
2449 3069 2600 3134 sub-

592 3169 925 3245 stitutum,
973 3169 1059 3233 ad
1117 3190 1304 3234 suam
1363 3169 1436 3232 in
1494 3189 1690 3234 causa
1747 3168 2120 3234 huiusmodi
2174 3169 2644 3255 diffinitivam„

588 3274 989 3338 sentenciam
1010 3272 1425 3348 audiendam,
1448 3293 1565 3358 per
1582 3272 1912 3356 quendam
1937 3271 2279 3338 Cursorem
2302 3285 2600 3340 nostrum

588 3377 785 3442 citari
843 3375 1028 3454 fecit,
1099 3374 1185 3440 ad
1243 3376 1749 3461 peremptoriam
1771 3371 1789 3396 '
1807 3381 2283 3462 competentem
2353 3388 2598 3444 certam

594 3479 768 3544 diem
795 3504 809 3544 ε
854 3480 927 3543 in
958 3500 1092 3564 qua
1111 3477 1386 3566 prefatis
1408 3478 1707 3555 Ricardo,
1729 3478 2172 3557 Procuratore,
2196 3492 2264 3545 et
2287 3481 2598 3559 Iohanne,
2623 3514 2757 3564 Both
2791 3515 3024 3564 Proctors

588 3583 970 3658 substituto,
999 3603 1215 3647 coram
1245 3582 1471 3647 eodem
1522 3580 1834 3659 Iohanne,
1864 3583 2198 3661 Auditore,
2242 3585 2313 3649 in
2359 3586 2599 3652 iudicio
2621 3595 2734 3694 {ow
2755 3595 2940 3645 appear
2970 3583 3027 3629 ¹²⁰

590 3685 1162 3773 comparentibus:
1206 3686 1479 3771 ipsoque
1522 3684 1823 3762 Ricardo,
1875 3685 2320 3766 Procuratore,
2368 3688 2597 3755 huius·
2657 3661 2743 3696 m

592 3791 765 3856 modi
843 3790 1243 3856 sentenciam
1320 3788 1483 3854 ferri
1540 3794 1829 3874 petente,
1893 3790 2185 3876 prefatus
2259 3793 2598 3875 Iohannes,

590 3894 896 3970 Auditor,
921 3893 1081 3958 visis
1103 3898 1173 3958 et
1206 3893 1559 3976 diligenter
1584 3893 1896 3978 inspectis
1918 3895 2220 3961 omnibus
2239 3901 2308 3962 et
2329 3899 2602 3984 singulis

592 3997 759 4064 actis
804 4018 883 4063 ac
927 3996 1169 4072 citatis,
1210 3995 1459 4061 habitis
1518 4000 1587 4060 et
1628 3995 1965 4082 productis
2008 3999 2079 4062 in
2131 4021 2324 4065 causa
2376 4001 2602 4067 huius-

592 4101 791 4178 modi,
823 4101 1118 4187 ipsisque
1150 4121 1300 4166 cum
1325 4098 1671 4186 diligentia
1690 4102 2026 4166 recensitis
2056 4107 2124 4167 et
2164 4106 2559 4171 examinatis
2585 4129 2603 4186 ;

591 4226 671 4271 ac
699 4203 897 4282 facta,
926 4225 1127 4290 super
1158 4203 1309 4268 -hiis
1340 4203 1669 4282 omnibus,
1698 4203 2205 4271 Ooauditoribus
2253 4209 2389 4273 suis
2441 4210 2604 4277 dicti

594 4306 857 4384 Paleou,
888 4307 1209 4373 relacione
1240 4306 1537 4394 plenaria
1567 4315 1635 4372 et
1664 4307 1864 4386 fideli,
1885 4308 1966 4374 de
1996 4310 2287 4395 ipsorum
2319 4310 2601 4389 Coaudif

594 4415 815 4476 torum
848 4409 1125 4476 concilio
1156 4415 1225 4476 et
1276 4431 1565 4488 assensu,
1593 4431 1712 4496 per
1755 4432 1940 4476 suam
1992 4411 2406 4480 diffinitivam
2455 4439 2602 4482 sen·
2624 4442 2714 4493 the
2767 4442 3030 4496 confirma-

596 4515 879 4579 tenciam
902 4513 1378 4601 pronunciavit,
1401 4513 1691 4579 decrevit
1713 4519 1782 4580 et
1810 4514 2170 4582 declaravit
2185 4528 2452 4603 —prout
2481 4521 2601 4588 hec
2625 4510 2735 4623 ξω
2764 4508 3036 4624 ffifedRich-

590 4617 818 4683 omnia
861 4619 935 4681 in
988 4617 1160 4683 dicto
1218 4616 1438 4682 libello
1494 4617 1709 4701 petita
1749 4616 2036 4696 fuerant,
2093 4641 2212 4706 per
2269 4623 2600 4708 prefatum
2627 4589 2800 4688 htm's
2881 4589 3029 4704 351}-

597 4719 953 4786 Ricardum
987 4719 1123 4806 [de]
1154 4721 1617 4787 Medmenham
1663 4722 1734 4786 in
1784 4721 2160 4789 huiusmodi
2204 4747 2398 4792 causa
2441 4729 2606 4794 bene
2630 4707 2774 4753 ’Μή
2799 4719 2914 4753 (ω’

2631 4769 2811 4818 firmed
2820 4770 2887 4833 by
2893 4769 3033 4820 John

599 4823 805 4890 fuisse
850 4831 919 4890 et
970 4846 1109 4890 esse
1158 4827 2012 4912 processum—sententiam
2073 4833 2141 4893 et
2186 4828 2606 4898 diffinitivam
2632 4835 2697 4884 de
2774 4833 3039 4885 chambris

590 4929 864 5013 eiusque
938 4929 1338 4996 sentenciam
1398 4929 1910 4996 confirmandam
1971 4931 2138 5012 fore,
2184 4939 2252 4998 et
2309 4935 2612 5002 confirm·
2633 4899 2971 5016 ἷξὲῑὲη,οο’
