3731 6032
1568 965 1651 1035 75

596 1125 1193 1212 supplicacionibus
1252 1127 1579 1205 inclinati,
1630 1150 1758 1214 que
1805 1149 2003 1213 super
2055 1127 2185 1191 hiis
2233 1126 2318 1190 ab
2369 1126 2615 1191 eisdem

600 1228 893 1293 Iohanne
919 1230 1000 1294 de
1026 1229 1367 1295 Chambris
1391 1235 1460 1296 et
1479 1231 1775 1295 Iohanne
1793 1229 2615 1308 Trefnant‚Auditoribus‚

594 1332 873 1417 proinde
923 1332 1101 1399 facta
1144 1339 1319 1411 sunt,
1352 1341 1497 1398 rata
1548 1335 1863 1399 habentes
1911 1343 1978 1399 et
2029 1339 2234 1415 grata,
2270 1334 2614 1417 dictasque

600 1437 969 1500 sentencias
1001 1437 1350 1501 eorundem
1380 1438 1691 1503 Iohannis
1722 1438 1802 1502 de
1827 1437 2178 1503 Chambris
2198 1446 2266 1501 et
2296 1436 2614 1501 Iohannis

595 1538 937 1613 Trefnant,
998 1540 1411 1615 Auditorum,
1464 1543 1880 1607 Auctoritate
1943 1541 2318 1626 Apostolica
2376 1542 2609 1604 confir-

594 1652 869 1720 mantes,
942 1644 1335 1709 Discretioni
1412 1646 1644 1710 Vestre
1715 1668 1831 1731 per
1905 1645 2283 1731 Apostolica
2344 1644 2612 1729 Scripta

595 1746 1001 1823 mandamus,
1032 1749 1346 1832 quatinus
1394 1771 1528 1825 vos,
1575 1752 1679 1813 vel
1734 1749 1882 1820 duo,
1925 1756 2046 1813 aut
2101 1771 2266 1811 unus
2316 1753 2609 1812 vestrum

593 1870 712 1935 per
742 1872 857 1915 vos
889 1852 995 1914 vel
1019 1852 1223 1916 alium
1256 1873 1369 1917 seu
1400 1853 1581 1928 alios,
1616 1853 1936 1938 premissa
1979 1852 2358 1916 execucioni
2390 1851 2610 1916 debite

590 1952 1081 2027 demandantes,
1155 1956 1488 2040 prefatum
1564 1956 1904 2031 Thomam,
1977 1954 2441 2041 Principalem,
2522 1956 2610 2019 ad

587 2059 1031 2143 reparandum
1090 2059 1469 2124 huiusmodi
1530 2059 1916 2125 Cancellum
1967 2066 2036 2124 et
2088 2058 2412 2124 fenestras
2469 2060 2608 2123 suis

588 2162 963 2247 sumptibus
994 2168 1063 2227 et
1092 2164 1408 2247 expensis,
1436 2184 1514 2228 ac
1542 2163 1630 2228 ad
1672 2162 2090 2227 subeundum
2139 2144 2304 2227 onus
2347 2182 2605 2246 repara-

586 2266 793 2330 cionis
854 2266 1242 2341 huiusmodi,
1302 2267 1561 2331 racione
1638 2266 1813 2333 dicte
1872 2266 2152 2341 Vicarie,
2210 2266 2604 2330 auctoritate

588 2380 805 2433 vestra
863 2370 1307 2454 compellatis;
1382 2372 1703 2435 facientes
1764 2369 2011 2435 Abbati
2077 2369 2461 2433 Monasterii
2522 2368 2604 2432 de

586 2471 1115 2557 Wynchecombe
1146 2478 1214 2537 et
1245 2472 1625 2538 Conventui
1672 2474 1971 2559 prefatiS‚
2002 2473 2084 2537 de
2130 2472 2325 2537 dictis
2372 2472 2605 2537 floren-

584 2598 775 2640 orum
806 2577 1099 2653 summis,
1128 2598 1247 2662 pro
1278 2579 1583 2663 expensis
1629 2578 1875 2641 eisdem
1920 2578 2114 2641 iuxta
2161 2576 2603 2661 predictorum

582 2680 1177 2744 instrumentorum
1223 2681 1593 2758 eorundem,
1623 2681 2247 2747 condemnacionum
2294 2686 2362 2744 et
2413 2684 2601 2743 taxa-

582 2785 833 2849 cionem
915 2794 1193 2860 tenores,
1252 2786 1515 2871 plenam
1576 2794 1641 2849 et
1718 2783 2009 2848 debitam
2085 2783 2600 2847 satisfactionem

584 2888 896 2973 impendi.
988 2888 1514 2953 contradictores
1544 2909 1661 2973 per
1690 2908 2030 2953 censuram
2055 2886 2598 2961 Ecclesiasticam,

580 2992 1030 3079 appellacione
1060 2998 1210 3077 post
1240 2992 1471 3077 posita,
1501 2990 1984 3078 compescenda
2075 2990 2322 3055 Datum
2370 2990 2599 3066 Rome,

580 3096 761 3182 apud
793 3096 1111 3161 Sanctum
1150 3095 1437 3168 Petrum,
1456 3097 1691 3178 quinto
1725 3095 2064 3159 Kalendas
2093 3094 2343 3173 Marcii,
2369 3092 2598 3158 Ponti·

580 3200 817 3265 ficatus
848 3200 1055 3264 nostri
1086 3220 1260 3262 anno
1292 3198 1651 3264 undecimo„

669 3307 749 3366 In
795 3301 921 3365 Dei
968 3301 1273 3377 Nomine,
1307 3303 1537 3365 Amen.
1626 3301 1753 3366 Per
1796 3323 2064 3387 presens
2110 3301 2445 3387 publicum
2492 3301 2592 3366 in·
2621 3340 2684 3388 12
2705 3339 2943 3391 Bonifaoe

576 3410 1027 3470 strumentum
1079 3405 1333 3469 cunctis
1385 3410 1715 3490 appareat,
1766 3405 2126 3477 evidenter,
2172 3405 2346 3489 quod
2394 3407 2590 3471 Anno
2617 3404 2746 3520 ξξόὃ
2749 3407 2806 3456 11
2833 3406 2962 3470 Oet„

576 3508 866 3584 Domini,
893 3507 1251 3573 secundum
1286 3530 1549 3572 cursum
1596 3514 1665 3573 et
1708 3509 2272 3594 computacionem
2308 3508 2590 3574 Ecclesie
2748 3507 2762 3522 ‘

572 3612 943 3697 Anglicane
978 3610 1323 3675 Millesimo
1355 3611 1663 3687 CCCCm,
1698 3611 2068 3676 Indiccione
2099 3632 2288 3686 nona,
2318 3609 2590 3676 Pontifi·
2615 3638 2685 3690 fo.
2707 3638 2788 3694 57,

572 3720 765 3781 catus
796 3715 1209 3780 Sanctissimi
1241 3715 1311 3776 in
1358 3713 1623 3780 Christo
1677 3714 1896 3779 Patris
1944 3719 2013 3778 et
2065 3715 2312 3778 domini
2366 3717 2592 3794 nostri,

574 3819 827 3884 domini
860 3816 1210 3891 Bonifacii,
1241 3817 1492 3883 Divina
1522 3818 1970 3894 Providencia,
1991 3817 2184 3904 Pape,
2203 3818 2396 3894 Noni,
2419 3840 2592 3882 anno

572 3923 980 3997 duodecimo,
1010 3924 1253 3988 mensis
1286 3922 1589 3986 Octobris
1634 3921 1740 3985 die
1786 3921 2156 4000 undecima,
2186 3922 2256 3984 in
2303 3921 2592 3986 Ecclesia

570 4026 941 4092 Parochiali
973 4027 1175 4091 Beate
1208 4026 1414 4089 Marie
1460 4025 1540 4089 de
1570 4025 1890 4102 Areuhus,
1922 4025 2202 4090 Civtatis
2235 4025 2588 4100 Londonie,

568 4131 645 4195 in
676 4131 805 4194 mei
852 4129 1108 4193 Notarii
1155 4129 1402 4215 publici
1447 4134 1516 4192 et
1559 4129 1833 4192 testium
1878 4129 2394 4214 subscriptorum
2442 4150 2584 4214 pre-

568 4235 807 4309 sencia,
854 4235 1283 4318 personaliter
1322 4233 1742 4309 constitutus,
1786 4234 2294 4317 circumspectus
2342 4241 2408 4296 et
2454 4233 2581 4296 dis·
2611 4261 2800 4310 master

566 4345 787 4403 cretus
846 4338 968 4412 vir,
1028 4337 1346 4421 Magister
1398 4336 1685 4412 Bremor‚
1737 4337 1808 4399 in
1854 4336 2108 4420 legibus
2156 4336 2566 4401 Baccalarius
2613 4327 2835 4387 Boemor,
2858 4339 3020 4391 ¹¹·¹⁶·⁸·2

2570 4388 2584 4411 '
2611 4391 2736 4440 Proc
2742 4397 2820 4440 tor
2836 4392 2914 4442 for
2931 4393 3021 4443 the

565 4441 978 4516 Procurator,
1008 4447 1087 4504 ut
1117 4443 1417 4516 asseruit,
1440 4441 1924 4524 Religiosorum
1946 4440 2271 4516 Virorum,
2300 4440 2584 4504 Abbatis
2612 4456 2858 4518 convent,
2911 4473 3019 4522 pre·

564 4555 636 4610 et
658 4544 1042 4609 Conventus
1062 4545 1142 4608 de
1161 4543 2210 4630 Wyncbecombe‚Wygorniensis
2233 4545 2584 4621 Dioceseos,
2610 4521 3020 4648 ῗξζὲῗὲθῗῃά

560 4648 883 4734 quasdam
917 4647 1143 4711 literas
1197 4648 1607 4732 Apostolicas
1638 4649 2048 4713 executorias
2093 4670 2242 4714 cum
2272 4650 2584 4734 processi·
2610 4651 3022 4768 ffifffiutffgmesso

3001 4751 3018 4776 Ο

562 4751 685 4816 bus
730 4749 885 4814 inde
927 4752 1721 4816 secutis—concernentes
1766 4751 2093 4837 predictos
2144 4753 2470 4817 Abbatem
2517 4758 2585 4818 et
2611 4781 2664 4829 of
2701 4781 2793 4831 tho
2858 4779 3021 4832 com-t.

562 4855 987 4982 Convpntum
1011 4856 1093 4920 de
1104 4855 2020 4940 Wyncheeombe,Ecclesiam
2035 4855 2477 4922 Parochialem
2505 4859 2586 4922 de
2612 4845 2666 4896 ⁰²
2697 4845 2904 4910 Ambe&
2941 4846 3025 4898 ¹⁰¹·

713 4965 759 5014 L
