3731 6032
2216 968 2345 1030 488

827 1149 902 1194 ια.
933 1145 988 1194 in
1025 1145 1231 1209 fun-long
1260 1133 1527 1198 Radulfi
1557 1133 1821 1219 Dastyn
1851 1156 1931 1198 ex
1964 1155 2095 1198 una
2124 1139 2316 1218 parte
2347 1132 2415 1198 et
2446 1139 2688 1198 terram
2719 1133 2988 1199 Ricardi
3016 1134 3275 1198 Wattes

823 1210 1058 1274 reaching
1091 1215 1147 1260 to

823 1275 1144 1325 Toeieseroft.

825 1530 907 1594 ᾖα.
941 1532 994 1580 in
1023 1531 1226 1596 Wyehi-

789 1626 796 1634 -
826 1597 1043 1659 fur-long.

827 1862 905 1924 ᾖα.
959 1863 1011 1910 in
1068 1863 1227 1913 Sand-

825 1927 1042 1991 fui-long.

827 2057 906 2120 ᾖα.
940 2058 992 2107 in
1017 2059 1228 2123 Ryefur·

824 2122 958 2187 long.

819 3622 888 3672 fo.
913 3623 1025 3671 426.

821 4012 1175 4063 CCCCLXIV.

822 4246 885 4294 10
902 4246 1028 4307 Aug.
1054 4246 1194 4293 1339.

820 4308 960 4359 John
993 4312 1056 4357 de
1087 4310 1226 4357 Wot-

821 4377 954 4424 ton's
965 4374 1224 4437 quitclaim

823 4446 879 4489 to
908 4439 1127 4489 Richard
1161 4440 1226 4488 de

823 4506 1105 4554 Tichborne
1139 4505 1192 4551 of

824 4570 936 4633 53⁰·
991 4570 1226 4631 acquin-ed

824 4638 878 4685 οἱ
917 4636 1025 4684 him
1061 4636 1114 4683 iu
1149 4636 1227 4684 see

824 4702 1015 4765 simple.

1255 1259 1333 1302 ex
1363 1238 1574 1302 altera
1603 1243 1811 1322 parte,
1841 1244 1911 1302 et
1940 1259 2075 1302 una
2103 1259 2256 1303 acra
2286 1238 2453 1303 iacet
2482 1238 2553 1300 in
2584 1236 2883 1320 for-longe
2909 1237 3269 1302 extendens

1253 1341 1339 1406 ad
1370 1341 1766 1408 Tociescroft
1812 1344 1988 1407 inter
2032 1347 2276 1407 terram
2315 1340 2622 1406 Willelmi
2657 1340 2965 1407 Wottone
3010 1365 3088 1406 ex
3135 1363 3278 1405 una

1254 1455 1460 1530 parte,
1501 1452 1572 1511 et
1604 1452 1847 1511 terram
1883 1445 2153 1511 Roberti
2189 1445 2428 1510 Wittes
2472 1445 2553 1510 de
2598 1446 2887 1531 Sudleye
2932 1468 3013 1510 ex
3056 1447 3268 1510 altera

1254 1555 1479 1634 parte3
1524 1555 1592 1613 et
1624 1571 1757 1614 una
1785 1549 2065 1614 dimidia
2092 1571 2245 1614 acra
2274 1550 2444 1615 iacet
2474 1550 2543 1614 in
2572 1548 3062 1634 Wychiforlong
3096 1551 3271 1614 inter

1255 1658 1496 1717 terram
1518 1653 1782 1717 Radulfi
1808 1653 2068 1739 Dastyn
2088 1676 2166 1718 ex
2200 1675 2333 1718 una
2364 1660 2550 1737 parte
2582 1662 2649 1717 et
2678 1659 2923 1718 terram
2957 1653 3266 1717 willelmi

1255 1757 1522 1822 Molden
1551 1780 1630 1822 ex
1658 1758 1873 1823 altera
1901 1764 2135 1844 parte3
2175 1764 2243 1823 et
2286 1758 2419 1824 alia
2463 1757 2741 1822 dimidia
2784 1780 2935 1823 acra
2980 1760 3150 1822 iacet
3194 1759 3265 1821 in

1255 1860 1700 1946 Sandforlong
1727 1863 1905 1926 inter
1932 1867 2179 1926 terram
2211 1861 2477 1926 Radulfi
2498 1861 2759 1946 Dsstyn
2780 1885 2859 1926 ex
2887 1883 3023 1926 una
3050 1870 3263 1946 parte,

1255 1969 1324 2030 et
1370 1971 1612 2030 terram
1665 1967 1934 2030 Ricardi
1986 1966 2241 2030 Wattes
2301 1988 2380 2030 ex
2437 1964 2647 2030 altera
2703 1971 2933 2051 parte;
3005 1970 3073 2030 et
3131 1964 3267 2030 alia

1255 2069 1530 2134 dimidia
1557 2090 1710 2134 acra
1753 2071 1925 2135 iacet
1953 2071 2027 2134 in
2057 2069 2465 2156 Ryforlonge
2508 2071 2685 2134 inter
2720 2075 2965 2134 terram
2995 2068 3265 2134 Ricardi

1256 2171 1512 2237 Wattes
1543 2193 1622 2238 ex
1643 2194 1779 2238 una
1809 2177 2018 2258 parte,
2041 2179 2109 2239 et
2138 2181 2384 2239 terram
2407 2173 2655 2237 Thome
2684 2180 2793 2238 ate
2824 2171 3161 2237 Bachouse
3186 2193 3267 2237 ex

1251 2275 1464 2340 altera
1495 2281 1704 2362 parte,
1733 2276 2092 2341 Habendas
2123 2283 2193 2342 et
2237 2274 2555 2342 tenendas
2598 2277 2925 2362 predictas
2969 2275 3265 2360 quinque

1250 2399 1435 2444 acras
1487 2384 1662 2444 terre
1716 2402 1864 2446 cum
1927 2379 2232 2446 omnibus
2296 2381 2435 2444 suis
2492 2381 2915 2465 pertinenciis
2967 2378 3265 2464 predicto

1256 2481 1560 2560 Ricardo‚
1633 2482 1987 2549 heredibus
2049 2484 2157 2549 vel
2229 2483 2580 2570 assignatis
2652 2485 2792 2548 suis
2849 2483 2931 2548 de
2989 2483 3261 2566 capitali

1251 2585 1517 2652 domino
1545 2586 1724 2652 feodi
1754 2587 1935 2652 illius
1964 2609 2081 2674 per
2122 2589 2401 2654 servicia
2442 2587 2598 2652 inde
2642 2587 2869 2652 debita
2908 2597 2977 2652 et
3006 2588 3087 2654 de
3116 2591 3265 2653 iure

1249 2694 1577 2755 consueta.
1669 2692 1760 2756 Et
1803 2713 1948 2776 ego,
1993 2713 2167 2770 vero,
2213 2692 2509 2778 predicta
2553 2691 2854 2757 Iohanna
2898 2696 2965 2757 et
2994 2692 3269 2757 heredes

1251 2793 1383 2858 mei
1426 2794 1754 2879 predictas
1799 2796 2092 2880 quinque
2136 2817 2317 2861 acras
2362 2800 2534 2859 terre
2578 2816 2728 2860 cum
2773 2795 3078 2860 omnibus
3122 2795 3263 2859 suis

1247 2897 1677 2980 pertinenciis
1720 2897 2017 2984 predicto
2048 2899 2344 2973 Ricardo,
2373 2897 2725 2963 heredibus
2756 2898 2861 2962 vel
2906 2899 3263 2983 assignatis

1247 3001 1384 3066 suis
1401 3005 1633 3067 contra
1651 3024 1877 3067 omnes
1894 3007 2124 3087 gentes
2150 3002 2717 3068 warantizabimus
2748 3003 3260 3089 imperpetuum.

1248 3104 1332 3168 In
1389 3106 1576 3170 cuius
1649 3106 1746 3170 rei
1798 3107 2251 3171 testimonium
2312 3107 2467 3171 huic
2526 3108 2816 3191 presenti
2878 3109 3056 3171 carte
3118 3129 3262 3172 mee

1247 3207 1541 3291 sigillum
1571 3229 1790 3273 meum
1822 3213 1926 3273 est
1951 3230 2337 3295 appensum.
2429 3209 2581 3273 Hiis
2610 3209 2928 3288 testibus;
2974 3210 3269 3275 Radulfo

1253 3310 1554 3397 Dastyn;
1619 3312 1910 3377 Roberto
1954 3312 2523 3399 Ohavyngworth;
2572 3313 2901 3378 Willelmo
2950 3313 3275 3389 Wotton;

1250 3413 1502 3479 Thoma
1551 3414 1871 3495 Colmon3
1928 3416 2204 3482 Ricardo
2263 3417 2323 3483 le
2378 3417 2617 3483 Warde
2676 3423 2747 3483 et
2804 3417 3033 3481 multis
3090 3417 3265 3482 aliis.

1251 3518 1424 3583 Data
1469 3519 1647 3603 apud
1679 3520 1880 3584 Grete
1926 3520 2049 3585 Die
2094 3520 2442 3587 Dominica
2484 3522 2781 3606 proxima
2824 3526 2973 3607 post
3015 3521 3269 3585 festum

1251 3620 1620 3707 Epiphanie
1652 3621 1937 3699 Domini,
1966 3643 2141 3687 anno
2190 3622 2402 3709 Regni
2448 3624 2645 3705 Regis
2692 3624 3003 3689 Edwardi
3052 3625 3267 3690 Tercii

1251 3730 1401 3809 post
1433 3724 1880 3810 Conquestum
1913 3724 2318 3791 duodecimo.

1257 3996 1502 4077 Quieta
1521 3997 1909 4065 clamanda
1919 3998 2258 4065 Iohannis
2284 4000 2574 4064 Wottone
2597 4002 2677 4067 de
2700 4002 2910 4082 θητίῳ
2934 4001 3267 4082 Iohanne,

1468 4103 1712 4168 matris
1742 4124 1878 4179 sue,
1894 4104 2099 4185 facta
2128 4102 2430 4170 Ricardo
2460 4105 2539 4170 de
2572 4103 3045 4173 Tiohebourne.

1339 4238 1663 4303 Omnibus
1696 4238 1946 4305 Christi
1978 4240 2302 4317 fidelibus,
2330 4240 2416 4306 ad
2446 4264 2608 4327 quos
2648 4264 2913 4329 presens
2944 4246 3267 4330 scriptum

1253 4344 1642 4427 pervenerit,
1676 4342 2003 4408 Iohannes
2033 4344 2116 4408 de
2150 4342 2461 4409 Wottone
2492 4345 2575 4409 de
2607 4346 2825 4422 Grete,
2857 4346 3156 4412 Salutem
3188 4350 3261 4413 in

1261 4446 1556 4511 Domino.
1647 4447 1704 4509 N
1715 4449 1986 4512 overitis
2006 4470 2111 4513 me
2132 4450 2537 4525 concessisse,
2559 4450 2886 4515 relaxasse
2904 4458 2973 4516 et
2996 4452 3271 4517 omnino

1253 4571 1370 4633 pro
1391 4573 1492 4613 me
1511 4557 1579 4614 et
1596 4549 2119 4616 heredibusmeis
2137 4554 2623 4639 imperpetuum
2634 4556 2935 4639 quietum
2954 4556 3269 4621 clamasse

1257 4652 1537 4717 Ricardo
1569 4654 1648 4716 de
1678 4652 2134 4719 Tichebourne
2178 4659 2247 4720 et
2289 4654 2640 4721 heredibus
2685 4658 2821 4722 suis
2860 4658 2964 4722 vel
2994 4660 3129 4723 suis
3162 4681 3269 4724 as-

1253 4757 1529 4841 signatis
1550 4758 2035 4843 imperpetuum
2058 4763 2271 4823 totum
2292 4760 2395 4823 ius
2408 4782 2627 4824 meum
2646 4765 2717 4825 et
2738 4760 3267 4847 clameum,quod

1251 4881 1545 4945 unquam
1569 4860 1797 4939 habui,
1815 4882 1933 4926 seu
1964 4883 2353 4948 quocunque
2383 4864 2577 4929 modo
2595 4864 2668 4928 in
2689 4863 2991 4929 futurum
3022 4865 3265 4931 habere
