<?xml version="1.0" encoding="UTF-8"?>
<!DOCTYPE html PUBLIC "-//W3C//DTD XHTML 1.0 Transitional//EN"
    "http://www.w3.org/TR/xhtml1/DTD/xhtml1-transitional.dtd">
<html xmlns="http://www.w3.org/1999/xhtml" xml:lang="en" lang="en">
 <head>
  <title>
</title>
<meta http-equiv="Content-Type" content="text/html;charset=utf-8" />
  <meta name='ocr-system' content='tesseract 3.04.00' />
  <meta name='ocr-capabilities' content='ocr_page ocr_carea ocr_par ocr_line ocrx_word'/>
</head>
<body>
  <div class='ocr_page' id='page_1' title='image "./landboc00bazegoog_0240.png"; bbox 0 0 3731 6032; ppageno 0'>
   <div class='ocr_carea' id='block_1_1' title="bbox 667 2075 871 2128">
    <p class='ocr_par' dir='ltr' id='par_1_1' title="bbox 667 2075 871 2128">
     <span class='ocr_line' id='line_1_1' title="bbox 667 2075 871 2128; baseline 0.01 -2"><span class='ocrx_word' id='word_1_1' title='bbox 667 2075 734 2126; x_wconf 70' lang='lat' dir='ltr'>fo.</span> <span class='ocrx_word' id='word_1_2' title='bbox 762 2077 871 2128; x_wconf 83' lang='lat'><strong>136.</strong></span> 
     </span>
    </p>
   </div>
   <div class='ocr_carea' id='block_1_2' title="bbox 657 2773 1035 2890">
    <p class='ocr_par' dir='ltr' id='par_1_2' title="bbox 657 2773 1035 2890">
     <span class='ocr_line' id='line_1_2' title="bbox 659 2773 1035 2834; baseline 0.005 -11"><span class='ocrx_word' id='word_1_3' title='bbox 659 2775 691 2823; x_wconf 82' lang='lat'><strong>9</strong></span> <span class='ocrx_word' id='word_1_4' title='bbox 711 2773 869 2834; x_wconf 82' lang='lat' dir='ltr'>June,</span> <span class='ocrx_word' id='word_1_5' title='bbox 893 2777 1035 2825; x_wconf 83' lang='lat'>1398.</span> 
     </span>
     <span class='ocr_line' id='line_1_3' title="bbox 657 2839 1023 2890; baseline 0.005 -2"><span class='ocrx_word' id='word_1_6' title='bbox 657 2839 1023 2890; x_wconf 83' lang='lat' dir='ltr'>Confirmation</span> 
     </span>
    </p>
   </div>
   <div class='ocr_carea' id='block_1_3' title="bbox 2064 991 2192 1053">
    <p class='ocr_par' dir='ltr' id='par_1_3' title="bbox 2064 991 2192 1053">
     <span class='ocr_line' id='line_1_4' title="bbox 2064 991 2192 1053; baseline -0.008 0"><span class='ocrx_word' id='word_1_7' title='bbox 2064 991 2192 1053; x_wconf 86' lang='lat'>144</span> 
     </span>
    </p>
   </div>
   <div class='ocr_carea' id='block_1_4' title="bbox 1083 1146 3131 2890">
    <p class='ocr_par' dir='ltr' id='par_1_4' title="bbox 1083 1146 3131 2890">
     <span class='ocr_line' id='line_1_5' title="bbox 1109 1146 3131 1237; baseline 0 -27"><span class='ocrx_word' id='word_1_8' title='bbox 1109 1164 1588 1226; x_wconf 77' lang='lat' dir='ltr'>conservemur,</span> <span class='ocrx_word' id='word_1_9' title='bbox 1631 1148 1911 1216; x_wconf 87' lang='lat' dir='ltr'>salutem</span> <span class='ocrx_word' id='word_1_10' title='bbox 1941 1155 2227 1237; x_wconf 87' lang='lat' dir='ltr'>propter,</span> <span class='ocrx_word' id='word_1_11' title='bbox 2258 1149 2445 1229; x_wconf 83' lang='lat' dir='ltr'>illesi,</span> <span class='ocrx_word' id='word_1_12' title='bbox 2474 1170 2883 1216; x_wconf 81' lang='lat' dir='ltr'><strong>reservamus</strong></span> <span class='ocrx_word' id='word_1_13' title='bbox 2914 1146 3131 1213; x_wconf 87' lang='lat' dir='ltr'>Nobis</span> 
     </span>
     <span class='ocr_line' id='line_1_6' title="bbox 1107 1253 3118 1340; baseline 0 -26"><span class='ocrx_word' id='word_1_14' title='bbox 1107 1253 1176 1315; x_wconf 89' lang='lat' dir='ltr'>et</span> <span class='ocrx_word' id='word_1_15' title='bbox 1227 1253 1700 1318; x_wconf 88' lang='lat' dir='ltr'>successoribus</span> <span class='ocrx_word' id='word_1_16' title='bbox 1754 1255 1994 1320; x_wconf 86' lang='lat' dir='ltr'>nostris</span> <span class='ocrx_word' id='word_1_17' title='bbox 2040 1255 2122 1320; x_wconf 88' lang='lat' dir='ltr'>de</span> <span class='ocrx_word' id='word_1_18' title='bbox 2170 1275 2473 1340; x_wconf 83' lang='lat' dir='ltr'>expresso</span> <span class='ocrx_word' id='word_1_19' title='bbox 2526 1275 2847 1320; x_wconf 88' lang='lat' dir='ltr'>consensu</span> <span class='ocrx_word' id='word_1_20' title='bbox 2899 1255 3118 1316; x_wconf 87' lang='lat' dir='ltr'>vestro</span> 
     </span>
     <span class='ocr_line' id='line_1_7' title="bbox 1106 1355 3121 1441; baseline 0 -26"><span class='ocrx_word' id='word_1_21' title='bbox 1106 1373 1304 1418; x_wconf 85' lang='lat' dir='ltr'>unam</span> <span class='ocrx_word' id='word_1_22' title='bbox 1379 1355 1760 1441; x_wconf 80' lang='lat' dir='ltr'>pensionem</span> <span class='ocrx_word' id='word_1_23' title='bbox 1835 1357 2117 1423; x_wconf 87' lang='lat' dir='ltr'>duorum</span> <span class='ocrx_word' id='word_1_24' title='bbox 2186 1358 2548 1424; x_wconf 87' lang='lat' dir='ltr'>solidorum</span> <span class='ocrx_word' id='word_1_25' title='bbox 2638 1357 3121 1441; x_wconf 84' lang='lat' dir='ltr'>sterlingorum,</span> 
     </span>
     <span class='ocr_line' id='line_1_8' title="bbox 1095 1457 3115 1538; baseline 0 -18"><span class='ocrx_word' id='word_1_26' title='bbox 1095 1457 1353 1522; x_wconf 83' lang='lat' dir='ltr'>ratione</span> <span class='ocrx_word' id='word_1_27' title='bbox 1427 1459 1738 1526; x_wconf 84' lang='lat' dir='ltr'>interesse</span> <span class='ocrx_word' id='word_1_28' title='bbox 1813 1462 2043 1538; x_wconf 87' lang='lat' dir='ltr'>nostri,</span> <span class='ocrx_word' id='word_1_29' title='bbox 2115 1463 2445 1527; x_wconf 87' lang='lat' dir='ltr'>occasione</span> <span class='ocrx_word' id='word_1_30' title='bbox 2518 1461 2862 1526; x_wconf 84' lang='lat' dir='ltr'>fructuum</span> <span class='ocrx_word' id='word_1_31' title='bbox 2942 1458 3115 1524; x_wconf 88' lang='lat' dir='ltr'>dicte</span> 
     </span>
     <span class='ocr_line' id='line_1_9' title="bbox 1091 1557 3115 1649; baseline 0.001 -27"><span class='ocrx_word' id='word_1_32' title='bbox 1091 1557 1372 1637; x_wconf 77' lang='lat' dir='ltr'>vicarie,</span> <span class='ocrx_word' id='word_1_33' title='bbox 1403 1561 1483 1626; x_wconf 89' lang='lat' dir='ltr'>de</span> <span class='ocrx_word' id='word_1_34' title='bbox 1527 1563 1808 1649; x_wconf 87' lang='lat' dir='ltr'>antiqua</span> <span class='ocrx_word' id='word_1_35' title='bbox 1848 1564 2327 1629; x_wconf 87' lang='lat' dir='ltr'>consuetudine</span> <span class='ocrx_word' id='word_1_36' title='bbox 2376 1564 2698 1649; x_wconf 78' lang='lat' dir='ltr'>legitime1</span> <span class='ocrx_word' id='word_1_37' title='bbox 2732 1562 3115 1647; x_wconf 87' lang='lat' dir='ltr'>prescripta,</span> 
     </span>
     <span class='ocr_line' id='line_1_10' title="bbox 1088 1667 3107 1753; baseline -0 -26"><span class='ocrx_word' id='word_1_38' title='bbox 1088 1683 1210 1748; x_wconf 89' lang='lat' dir='ltr'>pro</span> <span class='ocrx_word' id='word_1_39' title='bbox 1284 1668 1579 1751; x_wconf 89' lang='lat' dir='ltr'>tempore</span> <span class='ocrx_word' id='word_1_40' title='bbox 1653 1669 2015 1734; x_wconf 89' lang='lat' dir='ltr'>vacationis</span> <span class='ocrx_word' id='word_1_41' title='bbox 2087 1667 2382 1733; x_wconf 88' lang='lat' dir='ltr'>eiusdem</span> <span class='ocrx_word' id='word_1_42' title='bbox 2456 1668 2740 1745; x_wconf 77' lang='lat' dir='ltr'>vicarie,</span> <span class='ocrx_word' id='word_1_43' title='bbox 2800 1667 3107 1753; x_wconf 87' lang='lat' dir='ltr'>quotiens</span> 
     </span>
     <span class='ocr_line' id='line_1_11' title="bbox 1091 1770 3115 1858; baseline 0.002 -28"><span class='ocrx_word' id='word_1_44' title='bbox 1091 1786 1238 1830; x_wconf 88' lang='lat' dir='ltr'>eam</span> <span class='ocrx_word' id='word_1_45' title='bbox 1268 1788 1500 1834; x_wconf 86' lang='lat' dir='ltr'>vacare</span> <span class='ocrx_word' id='word_1_46' title='bbox 1530 1771 1938 1858; x_wconf 73' lang='lat' dir='ltr'>contigisset,</span> <span class='ocrx_word' id='word_1_47' title='bbox 1969 1770 2057 1836; x_wconf 89' lang='lat' dir='ltr'>ad</span> <span class='ocrx_word' id='word_1_48' title='bbox 2089 1794 2209 1837; x_wconf 89' lang='lat' dir='ltr'>nos</span> <span class='ocrx_word' id='word_1_49' title='bbox 2242 1773 2693 1858; x_wconf 86' lang='lat' dir='ltr'>spectancium</span> <span class='ocrx_word' id='word_1_50' title='bbox 2725 1793 2841 1835; x_wconf 89' lang='lat' dir='ltr'>seu</span> <span class='ocrx_word' id='word_1_51' title='bbox 2874 1770 3115 1836; x_wconf 86' lang='lat' dir='ltr'>debere</span> 
     </span>
     <span class='ocr_line' id='line_1_12' title="bbox 1090 1872 3114 1962; baseline 0.001 -28"><span class='ocrx_word' id='word_1_52' title='bbox 1090 1872 1559 1956; x_wconf 87' lang='lat' dir='ltr'>spectancium,</span> <span class='ocrx_word' id='word_1_53' title='bbox 1574 1873 1703 1958; x_wconf 88' lang='lat' dir='ltr'>[ac]</span> <span class='ocrx_word' id='word_1_54' title='bbox 1725 1877 1782 1939; x_wconf 85' lang='lat' dir='ltr'>si</span> <span class='ocrx_word' id='word_1_55' title='bbox 1803 1875 2070 1941; x_wconf 89' lang='lat' dir='ltr'>Vicaria</span> <span class='ocrx_word' id='word_1_56' title='bbox 2090 1876 2389 1962; x_wconf 87' lang='lat' dir='ltr'>predicta</span> <span class='ocrx_word' id='word_1_57' title='bbox 2409 1877 2680 1940; x_wconf 88' lang='lat' dir='ltr'>minime</span> <span class='ocrx_word' id='word_1_58' title='bbox 2697 1875 2935 1940; x_wconf 86' lang='lat' dir='ltr'>fuisset</span> <span class='ocrx_word' id='word_1_59' title='bbox 2958 1895 3114 1939; x_wconf 89' lang='lat' dir='ltr'>con-</span> 
     </span>
     <span class='ocr_line' id='line_1_13' title="bbox 1093 1975 3107 2065; baseline 0 -26"><span class='ocrx_word' id='word_1_60' title='bbox 1093 1994 1289 2049; x_wconf 90' lang='lat' dir='ltr'>cessa,</span> <span class='ocrx_word' id='word_1_61' title='bbox 1318 1975 1749 2063; x_wconf 86' lang='lat' dir='ltr'>incorporata,</span> <span class='ocrx_word' id='word_1_62' title='bbox 1777 1980 2218 2065; x_wconf 87' lang='lat' dir='ltr'>appropriata,</span> <span class='ocrx_word' id='word_1_63' title='bbox 2248 2000 2511 2044; x_wconf 87' lang='lat' dir='ltr'>annexa</span> <span class='ocrx_word' id='word_1_64' title='bbox 2560 1983 2629 2044; x_wconf 89' lang='lat' dir='ltr'>et</span> <span class='ocrx_word' id='word_1_65' title='bbox 2681 1980 2873 2043; x_wconf 88' lang='lat' dir='ltr'>unita</span> <span class='ocrx_word' id='word_1_66' title='bbox 2921 1977 3107 2042; x_wconf 86' lang='lat' dir='ltr'>vobis</span> 
     </span>
     <span class='ocr_line' id='line_1_14' title="bbox 1097 2077 3109 2168; baseline 0.001 -26"><span class='ocrx_word' id='word_1_67' title='bbox 1097 2082 1167 2142; x_wconf 87' lang='lat' dir='ltr'>et</span> <span class='ocrx_word' id='word_1_68' title='bbox 1211 2077 1611 2146; x_wconf 86' lang='lat' dir='ltr'>Monasterio</span> <span class='ocrx_word' id='word_1_69' title='bbox 1660 2087 1880 2148; x_wconf 90' lang='lat' dir='ltr'>vestro</span> <span class='ocrx_word' id='word_1_70' title='bbox 1933 2082 2245 2168; x_wconf 83' lang='lat' dir='ltr'>predietO,</span> <span class='ocrx_word' id='word_1_71' title='bbox 2275 2083 2464 2148; x_wconf 89' lang='lat' dir='ltr'>vobis</span> <span class='ocrx_word' id='word_1_72' title='bbox 2512 2087 2581 2148; x_wconf 89' lang='lat' dir='ltr'>et</span> <span class='ocrx_word' id='word_1_73' title='bbox 2631 2080 3109 2146; x_wconf 83' lang='lat' dir='ltr'>successoribus</span> 
     </span>
     <span class='ocr_line' id='line_1_15' title="bbox 1097 2181 3109 2270; baseline 0.001 -26"><span class='ocrx_word' id='word_1_74' title='bbox 1097 2181 1348 2260; x_wconf 88' lang='lat' dir='ltr'>vestris,</span> <span class='ocrx_word' id='word_1_75' title='bbox 1375 2183 1446 2246; x_wconf 88' lang='lat' dir='ltr'>in</span> <span class='ocrx_word' id='word_1_76' title='bbox 1475 2184 1755 2270; x_wconf 87' lang='lat' dir='ltr'>singulis</span> <span class='ocrx_word' id='word_1_77' title='bbox 1785 2186 2244 2251; x_wconf 86' lang='lat' dir='ltr'>vacacionibus</span> <span class='ocrx_word' id='word_1_78' title='bbox 2276 2184 2437 2252; x_wconf 88' lang='lat' dir='ltr'>dicti</span> <span class='ocrx_word' id='word_1_79' title='bbox 2469 2186 2668 2251; x_wconf 85' lang='lat' dir='ltr'>vestri</span> <span class='ocrx_word' id='word_1_80' title='bbox 2702 2184 3109 2257; x_wconf 87' lang='lat' dir='ltr'>Monasterii,</span> 
     </span>
     <span class='ocr_line' id='line_1_16' title="bbox 1091 2284 3113 2370; baseline 0.002 -24"><span class='ocrx_word' id='word_1_81' title='bbox 1091 2284 1172 2348; x_wconf 90' lang='lat' dir='ltr'>de</span> <span class='ocrx_word' id='word_1_82' title='bbox 1201 2286 1636 2370; x_wconf 76' lang='lat' dir='ltr'>proventibus</span> <span class='ocrx_word' id='word_1_83' title='bbox 1680 2287 1854 2353; x_wconf 88' lang='lat' dir='ltr'>dicte</span> <span class='ocrx_word' id='word_1_84' title='bbox 1885 2289 2167 2363; x_wconf 87' lang='lat' dir='ltr'>Vicarie,</span> <span class='ocrx_word' id='word_1_85' title='bbox 2196 2291 2269 2353; x_wconf 90' lang='lat' dir='ltr'>in</span> <span class='ocrx_word' id='word_1_86' title='bbox 2320 2289 2499 2355; x_wconf 88' lang='lat' dir='ltr'>dicta</span> <span class='ocrx_word' id='word_1_87' title='bbox 2545 2294 2771 2354; x_wconf 89' lang='lat' dir='ltr'>nostra</span> <span class='ocrx_word' id='word_1_88' title='bbox 2818 2288 3113 2354; x_wconf 54' lang='lat' dir='ltr'>Ecclesia</span> 
     </span>
     <span class='ocr_line' id='line_1_17' title="bbox 1085 2388 3101 2476; baseline 0.002 -27"><span class='ocrx_word' id='word_1_89' title='bbox 1085 2388 1445 2474; x_wconf 86' lang='lat' dir='ltr'>Wygornie</span> <span class='ocrx_word' id='word_1_90' title='bbox 1505 2390 2023 2476; x_wconf 83' lang='lat' dir='ltr'>persolvendam.</span> <span class='ocrx_word' id='word_1_91' title='bbox 2115 2391 2195 2455; x_wconf 91' lang='lat' dir='ltr'>In</span> <span class='ocrx_word' id='word_1_92' title='bbox 2246 2393 2434 2458; x_wconf 89' lang='lat' dir='ltr'>cuius</span> <span class='ocrx_word' id='word_1_93' title='bbox 2486 2393 2581 2457; x_wconf 89' lang='lat' dir='ltr'>rei</span> <span class='ocrx_word' id='word_1_94' title='bbox 2643 2391 3101 2457; x_wconf 88' lang='lat' dir='ltr'>testimonium</span> 
     </span>
     <span class='ocr_line' id='line_1_18' title="bbox 1083 2493 3101 2582; baseline -0 -25"><span class='ocrx_word' id='word_1_95' title='bbox 1083 2493 1376 2578; x_wconf 89' lang='lat' dir='ltr'>sigillum</span> <span class='ocrx_word' id='word_1_96' title='bbox 1433 2499 1736 2559; x_wconf 89' lang='lat' dir='ltr'>nostrum</span> <span class='ocrx_word' id='word_1_97' title='bbox 1795 2495 2075 2560; x_wconf 84' lang='lat' dir='ltr'>fecimus</span> <span class='ocrx_word' id='word_1_98' title='bbox 2134 2495 2263 2560; x_wconf 89' lang='lat' dir='ltr'>hiis</span> <span class='ocrx_word' id='word_1_99' title='bbox 2336 2496 2598 2582; x_wconf 89' lang='lat' dir='ltr'>apponi.</span> <span class='ocrx_word' id='word_1_100' title='bbox 2717 2493 2971 2560; x_wconf 87' lang='lat' dir='ltr'>Datum</span> <span class='ocrx_word' id='word_1_101' title='bbox 3032 2495 3101 2558; x_wconf 87' lang='lat' dir='ltr'>iu</span> 
     </span>
     <span class='ocr_line' id='line_1_19' title="bbox 1086 2596 3109 2684; baseline 0 -24"><span class='ocrx_word' id='word_1_102' title='bbox 1086 2598 1382 2662; x_wconf 89' lang='lat' dir='ltr'>manerio</span> <span class='ocrx_word' id='word_1_103' title='bbox 1411 2599 1634 2664; x_wconf 83' lang='lat' dir='ltr'>nostro</span> <span class='ocrx_word' id='word_1_104' title='bbox 1679 2596 1762 2662; x_wconf 89' lang='lat' dir='ltr'>de</span> <span class='ocrx_word' id='word_1_105' title='bbox 1795 2597 2248 2684; x_wconf 82' lang='lat' dir='ltr'>Hyllyngdon‚</span> <span class='ocrx_word' id='word_1_106' title='bbox 2296 2599 2419 2662; x_wconf 87' lang='lat' dir='ltr'>VI⁰</span> <span class='ocrx_word' id='word_1_107' title='bbox 2471 2597 2575 2663; x_wconf 90' lang='lat' dir='ltr'>die</span> <span class='ocrx_word' id='word_1_108' title='bbox 2625 2599 2868 2664; x_wconf 88' lang='lat' dir='ltr'>mensis</span> <span class='ocrx_word' id='word_1_109' title='bbox 2900 2597 3109 2670; x_wconf 88' lang='lat' dir='ltr'>Maii;</span> 
     </span>
     <span class='ocr_line' id='line_1_20' title="bbox 1086 2698 3107 2787; baseline 0 -23"><span class='ocrx_word' id='word_1_110' title='bbox 1086 2719 1262 2766; x_wconf 87' lang='lat' dir='ltr'>anno</span> <span class='ocrx_word' id='word_1_111' title='bbox 1314 2698 1588 2766; x_wconf 87' lang='lat' dir='ltr'>Domini</span> <span class='ocrx_word' id='word_1_112' title='bbox 1634 2700 1986 2766; x_wconf 89' lang='lat' dir='ltr'>millesimo</span> <span class='ocrx_word' id='word_1_113' title='bbox 2040 2701 2237 2767; x_wconf 78' lang='lat'>0000</span> <span class='ocrx_word' id='word_1_114' title='bbox 2282 2702 2706 2787; x_wconf 86' lang='lat' dir='ltr'>nonagesimo</span> <span class='ocrx_word' id='word_1_115' title='bbox 2752 2706 3005 2778; x_wconf 86' lang='lat' dir='ltr'>octavo,</span> <span class='ocrx_word' id='word_1_116' title='bbox 3034 2706 3107 2765; x_wconf 89' lang='lat' dir='ltr'>et</span> 
     </span>
     <span class='ocr_line' id='line_1_21' title="bbox 1087 2803 3101 2890; baseline 0.001 -24"><span class='ocrx_word' id='word_1_117' title='bbox 1087 2811 1306 2868; x_wconf 87' lang='lat' dir='ltr'>nostre</span> <span class='ocrx_word' id='word_1_118' title='bbox 1334 2805 1793 2869; x_wconf 79' lang='lat' dir='ltr'>translacionis</span> <span class='ocrx_word' id='word_1_119' title='bbox 1826 2803 2020 2868; x_wconf 88' lang='lat' dir='ltr'><strong>III⁰.”</strong></span> <span class='ocrx_word' id='word_1_120' title='bbox 2109 2813 2143 2838; x_wconf 92' lang='lat'>“</span> <span class='ocrx_word' id='word_1_121' title='bbox 2166 2805 2255 2870; x_wconf 91' lang='lat' dir='ltr'>Et</span> <span class='ocrx_word' id='word_1_122' title='bbox 2307 2826 2445 2880; x_wconf 91' lang='lat' dir='ltr'>nos,</span> <span class='ocrx_word' id='word_1_123' title='bbox 2478 2805 2680 2881; x_wconf 86' lang='lat' dir='ltr'>Prior,</span> <span class='ocrx_word' id='word_1_124' title='bbox 2711 2803 3101 2890; x_wconf 80' lang='lat' dir='ltr'>Capitulum</span> 
     </span>
    </p>
   </div>
   <div class='ocr_carea' id='block_1_5' title="bbox 656 2903 3106 2994">
    <p class='ocr_par' dir='ltr' id='par_1_5' title="bbox 656 2903 3106 2994">
     <span class='ocr_line' id='line_1_22' title="bbox 656 2903 3106 2994; baseline 0.001 -27"><span class='ocrx_word' id='word_1_125' title='bbox 656 2904 712 2954; x_wconf 78' lang='lat' dir='ltr'>of</span> <span class='ocrx_word' id='word_1_126' title='bbox 769 2903 862 2954; x_wconf 80' lang='lat' dir='ltr'>the</span> <span class='ocrx_word' id='word_1_127' title='bbox 919 2906 1063 2955; x_wconf 81' lang='lat' dir='ltr'>Prior</span> <span class='ocrx_word' id='word_1_128' title='bbox 1089 2905 1374 2972; x_wconf 87' lang='lat' dir='ltr'>Ecclesie</span> <span class='ocrx_word' id='word_1_129' title='bbox 1448 2907 1858 2972; x_wconf 77' lang='lat' dir='ltr'>cathedralis</span> <span class='ocrx_word' id='word_1_130' title='bbox 1951 2907 2261 2994; x_wconf 86' lang='lat' dir='ltr'>predicte,</span> <span class='ocrx_word' id='word_1_131' title='bbox 2352 2907 2772 2984; x_wconf 88' lang='lat' dir='ltr'>concessioni,</span> <span class='ocrx_word' id='word_1_132' title='bbox 2856 2908 3106 2984; x_wconf 90' lang='lat' dir='ltr'>unioni,</span> 
     </span>
    </p>
   </div>
   <div class='ocr_carea' id='block_1_6' title="bbox 655 2969 1062 3087">
    <p class='ocr_par' dir='ltr' id='par_1_6' title="bbox 655 2969 1062 3087">
     <span class='ocr_line' id='line_1_23' title="bbox 655 2969 1062 3035; baseline 0.007 -16"><span class='ocrx_word' id='word_1_133' title='bbox 655 2969 760 3019; x_wconf 77' lang='lat' dir='ltr'>and</span> <span class='ocrx_word' id='word_1_134' title='bbox 769 2969 992 3035; x_wconf 71' lang='lat' dir='ltr'>Chapter</span> <span class='ocrx_word' id='word_1_135' title='bbox 1007 2972 1062 3022; x_wconf 81' lang='lat' dir='ltr'>of</span> 
     </span>
     <span class='ocr_line' id='line_1_24' title="bbox 655 3033 953 3087; baseline 0.003 -2"><span class='ocrx_word' id='word_1_136' title='bbox 655 3033 953 3087; x_wconf 73' lang='lat' dir='ltr'>worcester.</span> 
     </span>
    </p>
   </div>
   <div class='ocr_carea' id='block_1_7' title="bbox 1067 3010 3113 4747">
    <p class='ocr_par' dir='ltr' id='par_1_7' title="bbox 1067 3010 3113 4747">
     <span class='ocr_line' id='line_1_25' title="bbox 1081 3010 3105 3098; baseline -0 -24"><span class='ocrx_word' id='word_1_137' title='bbox 1081 3010 1436 3077; x_wconf 81' lang='lat' dir='ltr'>annexioni</span> <span class='ocrx_word' id='word_1_138' title='bbox 1511 3015 1579 3077; x_wconf 87' lang='lat' dir='ltr'>et</span> <span class='ocrx_word' id='word_1_139' title='bbox 1652 3011 2192 3098; x_wconf 83' lang='lat' dir='ltr'>appropriationi,</span> <span class='ocrx_word' id='word_1_140' title='bbox 2268 3015 2349 3077; x_wconf 86' lang='lat' dir='ltr'>ut</span> <span class='ocrx_word' id='word_1_141' title='bbox 2398 3011 2826 3098; x_wconf 85' lang='lat' dir='ltr'>premittitur,</span> <span class='ocrx_word' id='word_1_142' title='bbox 2888 3010 3105 3087; x_wconf 77' lang='lat' dir='ltr'>factiS,</span> 
     </span>
     <span class='ocr_line' id='line_1_26' title="bbox 1078 3114 3101 3201; baseline 0.001 -24"><span class='ocrx_word' id='word_1_143' title='bbox 1078 3118 1334 3178; x_wconf 83' lang='lat' dir='ltr'>nostros</span> <span class='ocrx_word' id='word_1_144' title='bbox 1353 3115 1736 3200; x_wconf 76' lang='lat' dir='ltr'>prebuimus</span> <span class='ocrx_word' id='word_1_145' title='bbox 1746 3120 1814 3180; x_wconf 88' lang='lat' dir='ltr'>et</span> <span class='ocrx_word' id='word_1_146' title='bbox 1831 3114 2181 3201; x_wconf 87' lang='lat' dir='ltr'>prebemus</span> <span class='ocrx_word' id='word_1_147' title='bbox 2204 3136 2537 3179; x_wconf 85' lang='lat' dir='ltr'>assensum</span> <span class='ocrx_word' id='word_1_148' title='bbox 2550 3116 2797 3201; x_wconf 81' lang='lat' dir='ltr'>pariter</span> <span class='ocrx_word' id='word_1_149' title='bbox 2813 3114 2934 3199; x_wconf 88' lang='lat' dir='ltr'>[et]</span> <span class='ocrx_word' id='word_1_150' title='bbox 2946 3136 3101 3180; x_wconf 88' lang='lat' dir='ltr'>con-</span> 
     </span>
     <span class='ocr_line' id='line_1_27' title="bbox 1075 3217 3099 3303; baseline 0 -21"><span class='ocrx_word' id='word_1_151' title='bbox 1075 3238 1359 3293; x_wconf 89' lang='lat' dir='ltr'>sensum,</span> <span class='ocrx_word' id='word_1_152' title='bbox 1389 3239 1625 3301; x_wconf 89' lang='lat' dir='ltr'>easque</span> <span class='ocrx_word' id='word_1_153' title='bbox 1677 3218 2119 3295; x_wconf 84' lang='lat' dir='ltr'>notificamus,</span> <span class='ocrx_word' id='word_1_154' title='bbox 2148 3217 2607 3303; x_wconf 85' lang='lat' dir='ltr'>approbamus,</span> <span class='ocrx_word' id='word_1_155' title='bbox 2648 3223 2715 3282; x_wconf 91' lang='lat' dir='ltr'>et</span> <span class='ocrx_word' id='word_1_156' title='bbox 2769 3224 3099 3303; x_wconf 88' lang='lat' dir='ltr'>quatenus</span> 
     </span>
     <span class='ocr_line' id='line_1_28' title="bbox 1075 3321 3097 3408; baseline -0 -22"><span class='ocrx_word' id='word_1_157' title='bbox 1075 3321 1162 3386; x_wconf 91' lang='lat' dir='ltr'>ad</span> <span class='ocrx_word' id='word_1_158' title='bbox 1204 3341 1326 3385; x_wconf 89' lang='lat' dir='ltr'>nos</span> <span class='ocrx_word' id='word_1_159' title='bbox 1375 3322 1643 3398; x_wconf 86' lang='lat' dir='ltr'>attinet,</span> <span class='ocrx_word' id='word_1_160' title='bbox 1670 3322 2129 3394; x_wconf 84' lang='lat' dir='ltr'>confirmanus,</span> <span class='ocrx_word' id='word_1_161' title='bbox 2164 3322 2324 3395; x_wconf 90' lang='lat' dir='ltr'>iure,</span> <span class='ocrx_word' id='word_1_162' title='bbox 2353 3322 2844 3399; x_wconf 85' lang='lat' dir='ltr'>consuetudine,</span> <span class='ocrx_word' id='word_1_163' title='bbox 2880 3322 3097 3408; x_wconf 84' lang='lat' dir='ltr'>digni-</span> 
     </span>
     <span class='ocr_line' id='line_1_29' title="bbox 1073 3424 3100 3511; baseline 0 -21"><span class='ocrx_word' id='word_1_164' title='bbox 1073 3428 1214 3490; x_wconf 88' lang='lat' dir='ltr'>tate</span> <span class='ocrx_word' id='word_1_165' title='bbox 1246 3430 1315 3490; x_wconf 93' lang='lat' dir='ltr'>et</span> <span class='ocrx_word' id='word_1_166' title='bbox 1360 3424 1608 3490; x_wconf 89' lang='lat' dir='ltr'>honore</span> <span class='ocrx_word' id='word_1_167' title='bbox 1659 3424 1943 3489; x_wconf 90' lang='lat' dir='ltr'>Ecclesie</span> <span class='ocrx_word' id='word_1_168' title='bbox 2001 3430 2225 3489; x_wconf 87' lang='lat' dir='ltr'>nostre</span> <span class='ocrx_word' id='word_1_169' title='bbox 2279 3424 2685 3489; x_wconf 84' lang='lat' dir='ltr'>Cathedralis</span> <span class='ocrx_word' id='word_1_170' title='bbox 2741 3425 3100 3511; x_wconf 83' lang='lat' dir='ltr'>Wygornie</span> 
     </span>
     <span class='ocr_line' id='line_1_30' title="bbox 1073 3527 3090 3613; baseline 0.001 -22"><span class='ocrx_word' id='word_1_171' title='bbox 1073 3528 1146 3591; x_wconf 89' lang='lat' dir='ltr'>in</span> <span class='ocrx_word' id='word_1_172' title='bbox 1175 3527 1482 3592; x_wconf 90' lang='lat' dir='ltr'>omnibus</span> <span class='ocrx_word' id='word_1_173' title='bbox 1511 3549 1770 3613; x_wconf 88' lang='lat' dir='ltr'>semper</span> <span class='ocrx_word' id='word_1_174' title='bbox 1810 3527 2031 3592; x_wconf 82' lang='lat' dir='ltr'>salvis.</span> <span class='ocrx_word' id='word_1_175' title='bbox 2123 3527 2206 3591; x_wconf 87' lang='lat' dir='ltr'>In</span> <span class='ocrx_word' id='word_1_176' title='bbox 2259 3549 2538 3610; x_wconf 88' lang='lat' dir='ltr'>quorum</span> <span class='ocrx_word' id='word_1_177' title='bbox 2570 3528 2865 3591; x_wconf 85' lang='lat' dir='ltr'>omnium</span> <span class='ocrx_word' id='word_1_178' title='bbox 2898 3529 3090 3593; x_wconf 86' lang='lat' dir='ltr'>fidem</span> 
     </span>
     <span class='ocr_line' id='line_1_31' title="bbox 1071 3630 3093 3716; baseline -0 -20"><span class='ocrx_word' id='word_1_179' title='bbox 1071 3640 1139 3696; x_wconf 89' lang='lat' dir='ltr'>et</span> <span class='ocrx_word' id='word_1_180' title='bbox 1189 3632 1639 3696; x_wconf 89' lang='lat' dir='ltr'>testimonium</span> <span class='ocrx_word' id='word_1_181' title='bbox 1699 3630 1996 3716; x_wconf 85' lang='lat' dir='ltr'>sigillum</span> <span class='ocrx_word' id='word_1_182' title='bbox 2048 3634 2349 3695; x_wconf 85' lang='lat' dir='ltr'>nostrum</span> <span class='ocrx_word' id='word_1_183' title='bbox 2409 3650 2755 3695; x_wconf 88' lang='lat' dir='ltr'>commune</span> <span class='ocrx_word' id='word_1_184' title='bbox 2814 3632 3093 3696; x_wconf 81' lang='lat' dir='ltr'>fecimus</span> 
     </span>
     <span class='ocr_line' id='line_1_32' title="bbox 1069 3731 3097 3820; baseline 0 -23"><span class='ocrx_word' id='word_1_185' title='bbox 1069 3733 1200 3798; x_wconf 92' lang='lat' dir='ltr'>hiis</span> <span class='ocrx_word' id='word_1_186' title='bbox 1257 3733 1520 3819; x_wconf 86' lang='lat' dir='ltr'>apponi.</span> <span class='ocrx_word' id='word_1_187' title='bbox 1613 3732 1867 3798; x_wconf 87' lang='lat' dir='ltr'>Datum</span> <span class='ocrx_word' id='word_1_188' title='bbox 1912 3732 2132 3818; x_wconf 74' lang='lat' dir='ltr'>quoad</span> <span class='ocrx_word' id='word_1_189' title='bbox 2183 3753 2318 3807; x_wconf 88' lang='lat' dir='ltr'>nos,</span> <span class='ocrx_word' id='word_1_190' title='bbox 2373 3731 2665 3797; x_wconf 89' lang='lat' dir='ltr'>Priorem</span> <span class='ocrx_word' id='word_1_191' title='bbox 2716 3733 2838 3817; x_wconf 89' lang='lat' dir='ltr'>[et]</span> <span class='ocrx_word' id='word_1_192' title='bbox 2894 3732 3097 3820; x_wconf 86' lang='lat' dir='ltr'>Capi-</span> 
     </span>
     <span class='ocr_line' id='line_1_33' title="bbox 1069 3834 3100 3922; baseline -0.001 -20"><span class='ocrx_word' id='word_1_193' title='bbox 1069 3837 1284 3903; x_wconf 85' lang='lat' dir='ltr'>tulum</span> <span class='ocrx_word' id='word_1_194' title='bbox 1329 3838 1400 3902; x_wconf 89' lang='lat' dir='ltr'>in</span> <span class='ocrx_word' id='word_1_195' title='bbox 1468 3836 1684 3903; x_wconf 91' lang='lat' dir='ltr'>Domo</span> <span class='ocrx_word' id='word_1_196' title='bbox 1737 3841 1965 3901; x_wconf 89' lang='lat' dir='ltr'>nostro</span> <span class='ocrx_word' id='word_1_197' title='bbox 2031 3834 2420 3921; x_wconf 83' lang='lat' dir='ltr'>Capitulari,</span> <span class='ocrx_word' id='word_1_198' title='bbox 2474 3857 2648 3901; x_wconf 88' lang='lat' dir='ltr'>anno</span> <span class='ocrx_word' id='word_1_199' title='bbox 2697 3836 3100 3922; x_wconf 74' lang='lat' dir='ltr'>supradicto,</span> 
     </span>
     <span class='ocr_line' id='line_1_34' title="bbox 1067 3937 3095 4023; baseline 0 -19"><span class='ocrx_word' id='word_1_200' title='bbox 1067 3961 1241 4006; x_wconf 89' lang='lat' dir='ltr'>nono</span> <span class='ocrx_word' id='word_1_201' title='bbox 1286 3940 1393 4005; x_wconf 92' lang='lat' dir='ltr'>die</span> <span class='ocrx_word' id='word_1_202' title='bbox 1439 3940 1683 4005; x_wconf 86' lang='lat' dir='ltr'>mensis</span> <span class='ocrx_word' id='word_1_203' title='bbox 1731 3938 1964 4003; x_wconf 90' lang='lat' dir='ltr'>Iunii.”</span> <span class='ocrx_word' id='word_1_204' title='bbox 2083 3937 2228 4001; x_wconf 88' lang='lat' dir='ltr'>“Et</span> <span class='ocrx_word' id='word_1_205' title='bbox 2272 3959 2411 4023; x_wconf 88' lang='lat' dir='ltr'>ego,</span> <span class='ocrx_word' id='word_1_206' title='bbox 2458 3937 2783 4002; x_wconf 89' lang='lat' dir='ltr'>Iohannes</span> <span class='ocrx_word' id='word_1_207' title='bbox 2829 3938 3095 4015; x_wconf 85' lang='lat' dir='ltr'>Chewe,</span> 
     </span>
     <span class='ocr_line' id='line_1_35' title="bbox 1068 4039 3113 4127; baseline -0.001 -17"><span class='ocrx_word' id='word_1_208' title='bbox 1068 4043 1340 4110; x_wconf 86' lang='lat' dir='ltr'>clericus</span> <span class='ocrx_word' id='word_1_209' title='bbox 1415 4043 1744 4109; x_wconf 87' lang='lat' dir='ltr'>Bathonie</span> <span class='ocrx_word' id='word_1_210' title='bbox 1805 4047 1875 4107; x_wconf 89' lang='lat' dir='ltr'>et</span> <span class='ocrx_word' id='word_1_211' title='bbox 1946 4041 2296 4106; x_wconf 87' lang='lat' dir='ltr'>Wellensis</span> <span class='ocrx_word' id='word_1_212' title='bbox 2363 4039 2727 4118; x_wconf 85' lang='lat' dir='ltr'>Dioceseos‚</span> <span class='ocrx_word' id='word_1_213' title='bbox 2786 4042 3113 4127; x_wconf 78' lang='lat' dir='ltr'>publicus</span> 
     </span>
     <span class='ocr_line' id='line_1_36' title="bbox 1068 4143 3091 4232; baseline -0.001 -19"><span class='ocrx_word' id='word_1_214' title='bbox 1068 4148 1466 4213; x_wconf 83' lang='lat' dir='ltr'>auctoritate</span> <span class='ocrx_word' id='word_1_215' title='bbox 1495 4146 1856 4232; x_wconf 85' lang='lat' dir='ltr'>apostolica</span> <span class='ocrx_word' id='word_1_216' title='bbox 1900 4150 1969 4211; x_wconf 88' lang='lat' dir='ltr'>et</span> <span class='ocrx_word' id='word_1_217' title='bbox 2022 4143 2350 4230; x_wconf 88' lang='lat' dir='ltr'>imperiali</span> <span class='ocrx_word' id='word_1_218' title='bbox 2402 4144 2717 4219; x_wconf 78' lang='lat' dir='ltr'>notariuS,</span> <span class='ocrx_word' id='word_1_219' title='bbox 2763 4145 3091 4211; x_wconf 90' lang='lat' dir='ltr'>dictorum</span> 
     </span>
     <span class='ocr_line' id='line_1_37' title="bbox 1069 4246 3091 4333; baseline -0 -18"><span class='ocrx_word' id='word_1_220' title='bbox 1069 4250 1311 4315; x_wconf 76' lang='lat' dir='ltr'>Prioiis</span> <span class='ocrx_word' id='word_1_221' title='bbox 1355 4254 1424 4316; x_wconf 86' lang='lat' dir='ltr'>et</span> <span class='ocrx_word' id='word_1_222' title='bbox 1469 4248 1784 4332; x_wconf 78' lang='lat' dir='ltr'>Capituli,</span> <span class='ocrx_word' id='word_1_223' title='bbox 1817 4269 2019 4333; x_wconf 89' lang='lat' dir='ltr'>super</span> <span class='ocrx_word' id='word_1_224' title='bbox 2060 4246 2561 4323; x_wconf 84' lang='lat' dir='ltr'>concessionem,</span> <span class='ocrx_word' id='word_1_225' title='bbox 2605 4249 2933 4325; x_wconf 91' lang='lat' dir='ltr'>unionem,</span> <span class='ocrx_word' id='word_1_226' title='bbox 2972 4272 3091 4314; x_wconf 87' lang='lat' dir='ltr'>an·</span> 
     </span>
     <span class='ocr_line' id='line_1_38' title="bbox 1067 4350 3089 4438; baseline 0 -20"><span class='ocrx_word' id='word_1_227' title='bbox 1067 4354 1421 4419; x_wconf 83' lang='lat' dir='ltr'>nexionem</span> <span class='ocrx_word' id='word_1_228' title='bbox 1479 4358 1550 4418; x_wconf 90' lang='lat' dir='ltr'>et</span> <span class='ocrx_word' id='word_1_229' title='bbox 1600 4351 2205 4438; x_wconf 86' lang='lat' dir='ltr'>appropriationem</span> <span class='ocrx_word' id='word_1_230' title='bbox 2256 4350 2633 4414; x_wconf 89' lang='lat' dir='ltr'>huiusmodi</span> <span class='ocrx_word' id='word_1_231' title='bbox 2684 4350 2946 4417; x_wconf 87' lang='lat' dir='ltr'>Vicarie</span> <span class='ocrx_word' id='word_1_232' title='bbox 3008 4354 3089 4418; x_wconf 91' lang='lat' dir='ltr'>de</span> 
     </span>
     <span class='ocr_line' id='line_1_39' title="bbox 1077 4452 3091 4543; baseline 0 -23"><span class='ocrx_word' id='word_1_233' title='bbox 1077 4456 1624 4543; x_wconf 84' lang='lat' dir='ltr'>Wynchecumbe,</span> <span class='ocrx_word' id='word_1_234' title='bbox 1673 4456 1848 4521; x_wconf 88' lang='lat' dir='ltr'>sicut</span> <span class='ocrx_word' id='word_1_235' title='bbox 1908 4454 2256 4540; x_wconf 85' lang='lat' dir='ltr'>prefertur,</span> <span class='ocrx_word' id='word_1_236' title='bbox 2308 4475 2425 4539; x_wconf 90' lang='lat' dir='ltr'>per</span> <span class='ocrx_word' id='word_1_237' title='bbox 2496 4452 2957 4519; x_wconf 88' lang='lat' dir='ltr'>Reverendum</span> <span class='ocrx_word' id='word_1_238' title='bbox 3018 4457 3091 4520; x_wconf 89' lang='lat' dir='ltr'>in</span> 
     </span>
     <span class='ocr_line' id='line_1_40' title="bbox 1075 4556 3088 4635; baseline -0.002 -8"><span class='ocrx_word' id='word_1_239' title='bbox 1075 4560 1340 4627; x_wconf 86' lang='lat' dir='ltr'>Christo</span> <span class='ocrx_word' id='word_1_240' title='bbox 1380 4559 1650 4624; x_wconf 86' lang='lat' dir='ltr'>Patrem</span> <span class='ocrx_word' id='word_1_241' title='bbox 1702 4563 1771 4623; x_wconf 90' lang='lat' dir='ltr'>et</span> <span class='ocrx_word' id='word_1_242' title='bbox 1817 4558 2179 4635; x_wconf 90' lang='lat' dir='ltr'>dominum,</span> <span class='ocrx_word' id='word_1_243' title='bbox 2224 4556 2564 4621; x_wconf 89' lang='lat' dir='ltr'>dominum</span> <span class='ocrx_word' id='word_1_244' title='bbox 2609 4556 3088 4635; x_wconf 86' lang='lat' dir='ltr'>Tidemamum,</span> 
     </span>
     <span class='ocr_line' id='line_1_41' title="bbox 1076 4659 3089 4747; baseline -0.001 -19"><span class='ocrx_word' id='word_1_245' title='bbox 1076 4662 1202 4729; x_wconf 91' lang='lat' dir='ltr'>Dei</span> <span class='ocrx_word' id='word_1_246' title='bbox 1235 4663 1486 4740; x_wconf 87' lang='lat' dir='ltr'>Gracia,</span> <span class='ocrx_word' id='word_1_247' title='bbox 1519 4661 2065 4747; x_wconf 83' lang='lat' dir='ltr'>Wygorniensem</span> <span class='ocrx_word' id='word_1_248' title='bbox 2098 4659 2512 4745; x_wconf 88' lang='lat' dir='ltr'>Episcopum,</span> <span class='ocrx_word' id='word_1_249' title='bbox 2544 4659 2787 4724; x_wconf 83' lang='lat' dir='ltr'>Abbati</span> <span class='ocrx_word' id='word_1_250' title='bbox 2817 4666 2885 4725; x_wconf 90' lang='lat' dir='ltr'>et</span> <span class='ocrx_word' id='word_1_251' title='bbox 2915 4660 3089 4727; x_wconf 88' lang='lat' dir='ltr'>Con·</span> 
     </span>
    </p>
   </div>
   <div class='ocr_carea' id='block_1_8' title="bbox 1136 4878 1412 4946">
    <p class='ocr_par' dir='ltr' id='par_1_8' title="bbox 1136 4878 1412 4946">
     <span class='ocr_line' id='line_1_42' title="bbox 1136 4878 1412 4946; baseline 0.007 -4"><span class='ocrx_word' id='word_1_252' title='bbox 1136 4890 1156 4925; x_wconf 85' lang='lat'>1</span> <span class='ocrx_word' id='word_1_253' title='bbox 1191 4894 1298 4946; x_wconf 77' lang='lat' dir='ltr'>MS.</span> <span class='ocrx_word' id='word_1_254' title='bbox 1323 4878 1412 4944; x_wconf 67' lang='grc' dir='ltr'>ιῐῐῖ.</span> 
     </span>
    </p>
   </div>
  </div>
 </body>
</html>
