3731 6032
2174 908 2305 974 ⁴56

797 1085 1208 1138 ιιιωιιωωακ
1232 1072 1506 1140 omnino
1525 1073 1828 1160 quietum
1855 1074 2141 1141 clamavi
2168 1096 2293 1162 pro
2320 1097 2427 1142 me
2454 1079 2529 1140 et
2552 1071 2907 1140 heredibus
2940 1071 3101 1136 meis
3130 1091 3247 1136 seu

799 1153 1050 1204 ⁰⁰¹³'⁶¹²¹·
1229 1177 1608 1263 assignatis,
1678 1179 2191 1266 imperpetuum,
2266 1178 2621 1261 Religiosia
2690 1177 2889 1251 mis,
2958 1173 3247 1240 dominis

1231 1277 1482 1345 Abbati
1553 1287 1626 1346 et
1676 1279 2059 1348 conventui
2118 1281 2507 1348 nonasterii
2568 1279 3116 1366 Wynchecumbe,
3172 1283 3249 1342 et

1227 1403 1454 1448 eorum
1481 1385 1963 1450 successoribus
1981 1389 2203 1452 totum
2230 1385 2341 1451 ius
2368 1407 2589 1450 meum
2620 1389 2691 1448 et
2716 1382 3047 1458 clunium,
3062 1381 3241 1467 quod

1225 1483 1436 1551 habui
1477 1487 1586 1552 vel
1627 1487 1875 1554 habere
1916 1489 2127 1575 potui,
2154 1488 2229 1554 in
2272 1494 2421 1554 toto
2462 1487 2841 1554 molendino
2879 1484 3243 1550 fullonario

1223 1595 1296 1654 et
1325 1589 1566 1675 plutis,
1593 1611 1724 1677 que
1767 1596 2043 1656 vocetur
2088 1591 2203 1658 “le
2234 1591 2465 1666 Dom‚”
2506 1613 2659 1656 cum
2704 1591 2909 1656 libero
2940 1590 3241 1675 ingressu

1223 1697 1296 1758 et
1351 1715 1614 1779 egressu
1663 1715 1778 1760 sex
1828 1695 2073 1781 pedum
2124 1697 2201 1760 in
2256 1695 2635 1770 latitudine,
2688 1694 2779 1758 ed
2834 1693 3071 1768 minus,
3120 1714 3243 1778 per

1221 1797 1518 1864 clausum
1553 1798 1869 1864 Willelmi
1898 1797 2281 1885 Aderwyne
2322 1799 2407 1863 de
2438 1797 2635 1864 cotes
2664 1797 2753 1862 ed
2788 1794 3241 1861 molendinum

1221 1906 1294 1967 et
1322 1901 1386 1966 le
1415 1901 1580 1966 Dom
1627 1901 2041 1987 predictum3
2084 1923 2225 1966 uns
2266 1923 2417 1968 cum
2464 1923 2587 1966 sex
2630 1901 2801 1966 acris
2850 1905 2922 1964 et
2964 1897 3245 1962 dimidia

1219 2009 1396 2070 terre
1423 2003 1696 2069 arabilis
1723 2005 2005 2070 iacentis
2032 2005 2107 2068 in
2134 2005 2385 2088 campis
2414 2001 2497 2068 de
2526 2003 2903 2088 Londeleye
2946 2007 3017 2066 et
3048 2000 3239 2064 Pate-

1219 2107 1464 2173 combe.
1581 2105 1730 2186 Que
1789 2106 2059 2192 quidem
2120 2106 2349 2172 omnis
2410 2111 2482 2172 et
2544 2106 2812 2191 singule.
2857 2105 3239 2190 supradicte.

1219 2208 1425 2274 habui
1477 2231 1556 2276 ex
1603 2211 1970 2276 donacione
2018 2215 2093 2276 et
2140 2209 2554 2277 eonoessione
2594 2209 2874 2296 predicti
2918 2208 3237 2275 willelmi

1221 2312 1387 2380 dicti
1417 2314 1798 2400 Aderwyne
1825 2313 1909 2379 de
1939 2311 2141 2380 Oetes
2167 2313 2751 2400 supradicte—ita,
2772 2313 2953 2400 quod
2974 2335 3093 2378 nec
3113 2334 3239 2397 ego

1219 2437 1342 2482 nec
1369 2416 1642 2482 heredes
1671 2417 1802 2482 mei
1831 2437 1957 2483 nec
1982 2417 2225 2504 aliquis
2268 2417 2538 2483 nomine
2566 2427 2793 2482 nostro
2822 2417 2897 2480 in
2924 2417 3239 2502 predictis

1219 2518 1618 2598 molendino,
1659 2519 1905 2606 places,
1946 2519 2157 2586 libero
2198 2521 2497 2606 ingressu
2545 2525 2615 2585 et
2658 2541 2940 2605 egressu,
2972 2527 3049 2584 ut
3090 2540 3239 2604 pre-

1219 2621 1536 2698 mittitur,
1551 2645 1668 2688 seu
1690 2623 2007 2709 predictis
2036 2645 2155 2688 sex
2176 2624 2347 2689 acris
2376 2629 2447 2688 et
2476 2623 2755 2690 dimidia
2772 2630 2947 2688 terre
2966 2623 3239 2689 arabilis

1219 2725 1476 2812 aliquid
1505 2727 1670 2791 iuris
1700 2727 1808 2792 vel
1839 2727 2063 2792 clamii
2092 2727 2177 2792 de
2205 2731 2424 2793 cetero
2452 2727 2717 2812 exigere
2747 2727 2853 2792 vel
2890 2727 3239 2792 vendicare

1223 2829 1608 2915 poterimuS,
1653 2831 2165 2917 imperpetuum.
2274 2829 2360 2894 In
2402 2833 2592 2896 cuius
2636 2833 2731 2896 rei
2782 2831 3237 2896 testimonium

1229 2932 1521 3020 sigillum
1541 2955 1762 3000 meum
1785 2935 2199 3022 presentibus
2220 2939 2324 3000 est
2343 2954 2725 3022 appensum.
2784 2935 2938 3000 Hiis
2954 2933 3239 3000 testibus

1227 3036 1688 3121 —[witnesses
1717 3060 1790 3104 as
1819 3038 2051 3115 above,
2080 3038 2205 3105 No,
2235 3038 2597 3124 eeecxxiv.]

793 3306 1156 3360 ccccxxvi
1527 3290 1678 3377 [De]
1725 3289 2127 3358 molendino
2155 3290 2555 3379 fullonam’o
2597 3290 2680 3359 de
2724 3290 2929 3357 Gotes.

791 3438 970 3489 About
999 3439 1138 3489 1280.
1309 3434 1542 3503 Sciant
1569 3442 1907 3523 presentes
1937 3441 2005 3503 et
2033 3436 2274 3515 futuri,
2295 3436 2471 3523 quod
2500 3458 2623 3524 ego
2654 3434 2979 3502 Iohannes
3001 3435 3239 3500 Russel

793 3502 1200 3633 {ffissfieffiussf
1222 3537 1306 3605 de
1351 3538 1573 3617 cotes,
1616 3540 1796 3605 filius
1841 3540 2164 3625 Stephani
2196 3540 2451 3617 Russel,
2480 3540 2653 3618 dedi,
2696 3540 2983 3605 concessi
3014 3546 3082 3605 et
3110 3539 3239 3604 hac

791 3633 1197 3749 affinffi‘ffiss
1222 3644 1516 3729 presenti
1561 3651 1744 3711 carta
1805 3665 1956 3709 mea
2014 3644 2403 3711 confirmavi
2456 3644 2743 3710 Iohanni
2800 3644 2865 3709 le
2924 3644 3109 3708 Brun
3166 3649 3238 3708 et

792 3763 1200 3827 gerythessrown
1225 3746 1571 3833 Margerie,
1593 3748 1788 3813 uxori
1817 3747 1977 3824 eius,
2006 3751 2075 3813 et
2103 3747 2456 3813 heredibus
2487 3748 2569 3813 de
2598 3748 2979 3834 corporibus
3010 3769 3235 3813 eorum

794 3828 1202 3943 mzmgrokgont
1224 3850 1624 3915 exeuntibus
1670 3851 1834 3915 duas
1880 3872 2134 3917 marcas
2177 3851 2499 3928 redditus,
2527 3852 2791 3917 servicii
2836 3874 2956 3937 per
2984 3872 3235 3916 annum

795 3982 861 4033 fo.
889 3983 1002 4033 400.
1225 3974 1377 4019 cum
1417 3954 1557 4019 suis
1599 3954 2025 4041 pertinenciis
2069 3955 2143 4019 in
2172 3953 2372 4021 Cotes
2400 3955 2596 4020 iuxta.
2628 3954 3235 4041 Wynchecumbsm

795 4070 926 4129 Min,
949 4070 1143 4155 Robqrt
1223 4058 1676 4142 provenientis
1706 4057 1789 4122 de
1833 4056 2121 4142 quodam
2150 4057 2530 4123 molendino
2560 4058 2833 4125 Roberti
2862 4059 3235 4144 Aderwyne

793 4137 1080 4202 Adomyne
1099 4153 1140 4187 ⁸·
1223 4159 1309 4225 de
1334 4160 1547 4237 Cotes,
1571 4180 1706 4225 une.
1731 4181 1884 4227 cum
1908 4161 2237 4246 homagi0‚
2260 4162 2524 4241 wardis,
2550 4163 2940 4250 maritagiiS,
2960 4162 3239 4238 releviis,

1221 4262 1512 4341 herietiS,
1558 4265 1853 4341 emostis,
1896 4265 2186 4344 auxiliis,
2237 4267 2433 4333 sectis
2485 4266 2683 4333 Curie
2728 4273 2799 4333 et
2846 4266 3238 4333 omnimodis

1217 4366 1370 4431 aliis
1392 4368 2000 4456 consuetudinibus,
2020 4392 2150 4455 que
2180 4370 2318 4435 ullo
2346 4370 2541 4437 modo
2560 4371 2729 4436 mihi
2757 4370 2863 4436 vel
2888 4371 3239 4436 heredibus

1219 4471 1384 4536 meis
1422 4472 1713 4537 accidere
1757 4477 2029 4559 possent
2071 4473 2154 4538 de
2198 4474 2376 4540 dicto
2420 4478 2820 4551 tenemento,
2848 4475 3232 4540 Tenendum

1219 4572 1304 4638 de
1354 4573 1748 4659 capitalibus
1799 4574 2089 4641 dominis
2140 4576 2322 4643 feodi
2366 4578 2553 4643 illius
2594 4600 2714 4665 per
2756 4580 3037 4645 servicia
3080 4578 3233 4643 inde

1219 4674 1447 4742 debita
1476 4682 1546 4743 et
1573 4683 1900 4745 consuete..
1992 4678 2079 4745 Et
2108 4702 2229 4767 ego
2271 4680 2609 4767 predictus
2640 4682 2971 4748 Iohannes
3003 4682 3234 4747 Russel

1219 4784 1290 4845 et
1319 4778 1600 4873 heredes
1618 4782 1746 4847 mei
1777 4782 2109 4869 predictas
2141 4784 2305 4852 duas
2328 4806 2580 4851 marcas
2606 4786 2907 4852 redditus
2928 4807 3077 4852 cum
3100 4785 3237 4857 suis
